<?xml version="1.0" encoding="UTF-8"?>
<!DOCTYPE html PUBLIC "-//W3C//DTD XHTML 1.0 Transitional//EN"
    "http://www.w3.org/TR/xhtml1/DTD/xhtml1-transitional.dtd">
<html xmlns="http://www.w3.org/1999/xhtml" xml:lang="en" lang="en">
 <head>
  <title>
</title>
<meta http-equiv="Content-Type" content="text/html;charset=utf-8" />
  <meta name='ocr-system' content='tesseract 3.04.00' />
  <meta name='ocr-capabilities' content='ocr_page ocr_carea ocr_par ocr_line ocrx_word'/>
</head>
<body>
  <div class='ocr_page' id='page_1' title='image "4737418_0031.png"; bbox 0 0 1919 2326; ppageno 0'>
   <div class='ocr_carea' id='block_1_1' title="bbox 379 60 1551 101">
    <p class='ocr_par' dir='ltr' id='par_1_1' title="bbox 379 60 1551 101">
     <span class='ocr_line' id='line_1_1' title="bbox 379 60 1551 101; baseline -0.002 -8"><span class='ocrx_word' id='word_1_1' title='bbox 379 67 448 93; x_wconf 74' lang='lat' dir='ltr'>DE</span> <span class='ocrx_word' id='word_1_2' title='bbox 502 63 739 92; x_wconf 74' lang='lat' dir='ltr'>LACTEA</span> <span class='ocrx_word' id='word_1_3' title='bbox 793 61 946 89; x_wconf 75' lang='lat' dir='ltr'>le.11</span> <span class='ocrx_word' id='word_1_4' title='bbox 1007 60 1352 89; x_wconf 60' lang='lat' dir='ltr'>vnERTATE.</span> <span class='ocrx_word' id='word_1_5' title='bbox 1488 65 1551 101; x_wconf 78' lang='lat'>17·</span> 
     </span>
    </p>
   </div>
   <div class='ocr_carea' id='block_1_2' title="bbox 133 138 1537 1302">
    <p class='ocr_par' dir='ltr' id='par_1_2' title="bbox 133 138 1537 1302">
     <span class='ocr_line' id='line_1_2' title="bbox 176 138 1537 194; baseline -0.004 -13"><span class='ocrx_word' id='word_1_6' title='bbox 176 145 347 184; x_wconf 55' lang='lat' dir='ltr'>lectorem</span> <span class='ocrx_word' id='word_1_7' title='bbox 364 142 550 192; x_wconf 68' lang='lat' dir='ltr'>docueris,</span> <span class='ocrx_word' id='word_1_8' title='bbox 579 140 757 191; x_wconf 79' lang='lat' dir='ltr'>percipiet</span> <span class='ocrx_word' id='word_1_9' title='bbox 776 139 853 178; x_wconf 81' lang='lat' dir='ltr'>eius</span> <span class='ocrx_word' id='word_1_10' title='bbox 870 138 1007 190; x_wconf 71' lang='lat' dir='ltr'>animus</span> <span class='ocrx_word' id='word_1_11' title='bbox 1023 142 1103 177; x_wconf 55' lang='lat' dir='ltr'>*non</span> <span class='ocrx_word' id='word_1_12' title='bbox 1124 138 1344 194; x_wconf 48' lang='lat' dir='ltr'>mediolcrem</span> <span class='ocrx_word' id='word_1_13' title='bbox 1367 138 1537 187; x_wconf 84' lang='lat' dir='ltr'>volupta-</span> 
     </span>
     <span class='ocr_line' id='line_1_3' title="bbox 175 191 1537 247; baseline -0.003 -10"><span class='ocrx_word' id='word_1_14' title='bbox 175 211 250 237; x_wconf 89' lang='lat' dir='ltr'>tem</span> <span class='ocrx_word' id='word_1_15' title='bbox 266 210 315 235; x_wconf 89' lang='lat' dir='ltr'>ex</span> <span class='ocrx_word' id='word_1_16' title='bbox 329 198 456 237; x_wconf 76' lang='lat' dir='ltr'>harum</span> <span class='ocrx_word' id='word_1_17' title='bbox 472 211 591 238; x_wconf 84' lang='lat' dir='ltr'>rerum</span> <span class='ocrx_word' id='word_1_18' title='bbox 605 197 835 247; x_wconf 88' lang='lat' dir='ltr'>cognitione,</span> <span class='ocrx_word' id='word_1_19' title='bbox 845 216 850 226; x_wconf 68' lang='grc' dir='ltr'><em>ι</em></span> <span class='ocrx_word' id='word_1_20' title='bbox 861 206 961 245; x_wconf 85' lang='lat' dir='ltr'>quae</span> <span class='ocrx_word' id='word_1_21' title='bbox 968 191 1059 232; x_wconf 91' lang='lat' dir='ltr'>scitu</span> <span class='ocrx_word' id='word_1_22' title='bbox 1076 194 1231 231; x_wconf 83' lang='lat' dir='ltr'>maxime</span> <span class='ocrx_word' id='word_1_23' title='bbox 1253 194 1438 233; x_wconf 81' lang='lat' dir='ltr'>neceffaria</span> <span class='ocrx_word' id='word_1_24' title='bbox 1454 193 1537 233; x_wconf 90' lang='lat' dir='ltr'>sunt</span> 
     </span>
     <span class='ocr_line' id='line_1_4' title="bbox 175 250 1533 306; baseline -0.004 -14"><span class='ocrx_word' id='word_1_25' title='bbox 175 254 220 292; x_wconf 89' lang='lat' dir='ltr'>ad</span> <span class='ocrx_word' id='word_1_26' title='bbox 236 255 347 292; x_wconf 88' lang='lat' dir='ltr'>vitam</span> <span class='ocrx_word' id='word_1_27' title='bbox 361 254 515 306; x_wconf 82' lang='lat' dir='ltr'>feliciter</span> <span class='ocrx_word' id='word_1_28' title='bbox 536 253 804 303; x_wconf 85' lang='lat' dir='ltr'><strong>prudenterque</strong></span> <span class='ocrx_word' id='word_1_29' title='bbox 822 250 1083 293; x_wconf 85' lang='lat' dir='ltr'>instituendam.</span> <span class='ocrx_word' id='word_1_30' title='bbox 1159 250 1330 287; x_wconf 86' lang='lat' dir='ltr'>Eamdem</span> <span class='ocrx_word' id='word_1_31' title='bbox 1358 263 1449 288; x_wconf 89' lang='lat' dir='ltr'>vero</span> <span class='ocrx_word' id='word_1_32' title='bbox 1477 251 1533 287; x_wconf 87' lang='lat' dir='ltr'>di·</span> 
     </span>
     <span class='ocr_line' id='line_1_5' title="bbox 172 305 1532 362; baseline -0.001 -16"><span class='ocrx_word' id='word_1_33' title='bbox 172 311 344 362; x_wconf 87' lang='lat' dir='ltr'>gnitatem</span> <span class='ocrx_word' id='word_1_34' title='bbox 361 323 444 349; x_wconf 90' lang='lat' dir='ltr'>cum</span> <span class='ocrx_word' id='word_1_35' title='bbox 463 309 619 347; x_wconf 88' lang='lat' dir='ltr'>historiis</span> <span class='ocrx_word' id='word_1_36' title='bbox 640 307 710 346; x_wconf 83' lang='lat' dir='ltr'>suis</span> <span class='ocrx_word' id='word_1_37' title='bbox 727 306 959 345; x_wconf 83' lang='lat' dir='ltr'>indiffolubili</span> <span class='ocrx_word' id='word_1_38' title='bbox 974 305 1124 343; x_wconf 87' lang='lat' dir='ltr'>vinculo</span> <span class='ocrx_word' id='word_1_39' title='bbox 1137 306 1330 343; x_wconf 87' lang='lat' dir='ltr'>coniunxit</span> <span class='ocrx_word' id='word_1_40' title='bbox 1363 319 1386 344; x_wconf 87' lang='lat' dir='ltr'><strong>L</strong></span> <span class='ocrx_word' id='word_1_41' title='bbox 1398 318 1532 344; x_wconf 80' lang='lat' dir='ltr'>1V1vs.</span> 
     </span>
     <span class='ocr_line' id='line_1_6' title="bbox 176 361 1537 418; baseline -0.003 -14"><span class='ocrx_word' id='word_1_42' title='bbox 176 368 282 418; x_wconf 89' lang='lat' dir='ltr'>Quot</span> <span class='ocrx_word' id='word_1_43' title='bbox 299 365 435 416; x_wconf 60' lang='lat' dir='ltr'>quaeso&gt;</span> <span class='ocrx_word' id='word_1_44' title='bbox 446 364 591 403; x_wconf 81' lang='lat' dir='ltr'>illustria</span> <span class='ocrx_word' id='word_1_45' title='bbox 606 366 782 403; x_wconf 87' lang='lat' dir='ltr'>virtutum</span> <span class='ocrx_word' id='word_1_46' title='bbox 798 363 968 413; x_wconf 82' lang='lat' dir='ltr'>adparent</span> <span class='ocrx_word' id='word_1_47' title='bbox 993 361 1184 411; x_wconf 85' lang='lat' dir='ltr'>exempla?</span> <span class='ocrx_word' id='word_1_48' title='bbox 1222 361 1365 399; x_wconf 85' lang='lat' dir='ltr'>Auditis</span> <span class='ocrx_word' id='word_1_49' title='bbox 1389 363 1537 400; x_wconf 90' lang='lat' dir='ltr'>Cincin-</span> 
     </span>
     <span class='ocr_line' id='line_1_7' title="bbox 173 417 1533 466; baseline -0.002 -8"><span class='ocrx_word' id='word_1_50' title='bbox 173 432 354 466; x_wconf 87' lang='lat' dir='ltr'>natorum,</span> <span class='ocrx_word' id='word_1_51' title='bbox 389 420 613 466; x_wconf 81' lang='lat' dir='ltr'>Deciorum,</span> <span class='ocrx_word' id='word_1_52' title='bbox 641 419 902 463; x_wconf 80' lang='lat' dir='ltr'>Aemiliorum,</span> <span class='ocrx_word' id='word_1_53' title='bbox 937 417 1200 461; x_wconf 86' lang='lat' dir='ltr'>Fabriciorum,</span> <span class='ocrx_word' id='word_1_54' title='bbox 1235 417 1445 466; x_wconf 88' lang='lat' dir='ltr'>Scipionum</span> <span class='ocrx_word' id='word_1_55' title='bbox 1465 431 1533 455; x_wconf 91' lang='lat' dir='ltr'>no-</span> 
     </span>
     <span class='ocr_line' id='line_1_8' title="bbox 173 471 1534 526; baseline -0.003 -11"><span class='ocrx_word' id='word_1_56' title='bbox 173 476 348 521; x_wconf 88' lang='lat' dir='ltr'>minibus,</span> <span class='ocrx_word' id='word_1_57' title='bbox 374 476 528 526; x_wconf 80' lang='lat' dir='ltr'>quilibet</span> <span class='ocrx_word' id='word_1_58' title='bbox 543 477 692 514; x_wconf 71' lang='lat' dir='ltr'>virtutis,</span> <span class='ocrx_word' id='word_1_59' title='bbox 707 481 826 523; x_wconf 83' lang='lat' dir='ltr'>amans</span> <span class='ocrx_word' id='word_1_60' title='bbox 841 473 954 512; x_wconf 87' lang='lat' dir='ltr'>statim</span> <span class='ocrx_word' id='word_1_61' title='bbox 971 471 1153 522; x_wconf 66' lang='lat' dir='ltr'>adfiirget,</span> <span class='ocrx_word' id='word_1_62' title='bbox 1181 483 1219 510; x_wconf 88' lang='lat' dir='ltr'>et</span> <span class='ocrx_word' id='word_1_63' title='bbox 1244 473 1389 523; x_wconf 81' lang='lat' dir='ltr'>egregia</span> <span class='ocrx_word' id='word_1_64' title='bbox 1406 485 1534 511; x_wconf 84' lang='lat' dir='ltr'>eorum</span> 
     </span>
     <span class='ocr_line' id='line_1_9' title="bbox 170 527 1535 583; baseline -0.003 -13"><span class='ocrx_word' id='word_1_65' title='bbox 170 532 332 570; x_wconf 89' lang='lat' dir='ltr'>facinora</span> <span class='ocrx_word' id='word_1_66' title='bbox 349 531 473 581; x_wconf 77' lang='lat' dir='ltr'>gestIet</span> <span class='ocrx_word' id='word_1_67' title='bbox 488 531 628 569; x_wconf 81' lang='lat' dir='ltr'>imitari.</span> <span class='ocrx_word' id='word_1_68' title='bbox 682 531 801 583; x_wconf 86' lang='lat' dir='ltr'>Quam</span> <span class='ocrx_word' id='word_1_69' title='bbox 816 529 949 568; x_wconf 83' lang='lat' dir='ltr'>eximia</span> <span class='ocrx_word' id='word_1_70' title='bbox 969 528 1020 565; x_wconf 89' lang='lat' dir='ltr'>ibi</span> <span class='ocrx_word' id='word_1_71' title='bbox 1041 538 1225 566; x_wconf 82' lang='lat' dir='ltr'>narrantur</span> <span class='ocrx_word' id='word_1_72' title='bbox 1239 527 1415 566; x_wconf 87' lang='lat' dir='ltr'>virtutum</span> <span class='ocrx_word' id='word_1_73' title='bbox 1429 541 1535 578; x_wconf 87' lang='lat' dir='ltr'>prae-</span> 
     </span>
     <span class='ocr_line' id='line_1_10' title="bbox 173 584 1530 638; baseline -0.001 -13"><span class='ocrx_word' id='word_1_74' title='bbox 173 590 269 625; x_wconf 88' lang='lat' dir='ltr'>mia?</span> <span class='ocrx_word' id='word_1_75' title='bbox 298 589 417 638; x_wconf 84' lang='lat' dir='ltr'>Quam</span> <span class='ocrx_word' id='word_1_76' title='bbox 432 600 558 636; x_wconf 87' lang='lat' dir='ltr'>graues</span> <span class='ocrx_word' id='word_1_77' title='bbox 574 587 748 624; x_wconf 90' lang='lat' dir='ltr'>vitiorum</span> <span class='ocrx_word' id='word_1_78' title='bbox 771 584 937 636; x_wconf 86' lang='lat' dir='ltr'>poenae?</span> <span class='ocrx_word' id='word_1_79' title='bbox 982 587 1101 636; x_wconf 88' lang='lat' dir='ltr'>Quam</span> <span class='ocrx_word' id='word_1_80' title='bbox 1119 584 1297 633; x_wconf 85' lang='lat' dir='ltr'>praeclara</span> <span class='ocrx_word' id='word_1_81' title='bbox 1309 584 1530 634; x_wconf 88' lang='lat' dir='ltr'>reipublicae</span> 
     </span>
     <span class='ocr_line' id='line_1_11' title="bbox 171 639 1529 693; baseline -0.002 -13"><span class='ocrx_word' id='word_1_82' title='bbox 171 643 265 681; x_wconf 89' lang='lat' dir='ltr'>bene</span> <span class='ocrx_word' id='word_1_83' title='bbox 296 642 506 680; x_wconf 85' lang='lat' dir='ltr'>constitutae</span> <span class='ocrx_word' id='word_1_84' title='bbox 536 642 783 680; x_wconf 76' lang='lat' dir='ltr'>documenta?</span> <span class='ocrx_word' id='word_1_85' title='bbox 841 642 947 693; x_wconf 91' lang='lat' dir='ltr'>Quot</span> <span class='ocrx_word' id='word_1_86' title='bbox 972 640 1191 677; x_wconf 87' lang='lat' dir='ltr'>coercendae</span> <span class='ocrx_word' id='word_1_87' title='bbox 1217 639 1334 691; x_wconf 89' lang='lat' dir='ltr'>plebis</span> <span class='ocrx_word' id='word_1_88' title='bbox 1360 639 1529 678; x_wconf 76' lang='lat' dir='ltr'>consilia?</span> 
     </span>
     <span class='ocr_line' id='line_1_12' title="bbox 172 697 1531 751; baseline -0.001 -15"><span class='ocrx_word' id='word_1_89' title='bbox 172 701 277 751; x_wconf 91' lang='lat' dir='ltr'>Quot</span> <span class='ocrx_word' id='word_1_90' title='bbox 294 698 518 747; x_wconf 91' lang='lat' dir='ltr'>proeliorum</span> <span class='ocrx_word' id='word_1_91' title='bbox 538 697 825 736; x_wconf 82' lang='lat' dir='ltr'>instruendorum</span> <span class='ocrx_word' id='word_1_92' title='bbox 840 697 952 734; x_wconf 83' lang='lat' dir='ltr'>artes?</span> <span class='ocrx_word' id='word_1_93' title='bbox 981 698 1086 747; x_wconf 88' lang='lat' dir='ltr'>Quot</span> <span class='ocrx_word' id='word_1_94' title='bbox 1105 698 1349 746; x_wconf 87' lang='lat' dir='ltr'>regendorum</span> <span class='ocrx_word' id='word_1_95' title='bbox 1372 697 1531 747; x_wconf 91' lang='lat' dir='ltr'>populo-</span> 
     </span>
     <span class='ocr_line' id='line_1_13' title="bbox 171 752 1530 805; baseline -0.002 -14"><span class='ocrx_word' id='word_1_96' title='bbox 171 766 251 791; x_wconf 90' lang='lat' dir='ltr'>rum</span> <span class='ocrx_word' id='word_1_97' title='bbox 272 752 547 791; x_wconf 78' lang='lat' dir='ltr'>instimtiones?.</span> <span class='ocrx_word' id='word_1_98' title='bbox 574 756 681 805; x_wconf 88' lang='lat' dir='ltr'>Quot</span> <span class='ocrx_word' id='word_1_99' title='bbox 709 752 887 801; x_wconf 83' lang='lat' dir='ltr'>felicitatis</span> <span class='ocrx_word' id='word_1_100' title='bbox 905 762 942 788; x_wconf 90' lang='lat' dir='ltr'>et</span> <span class='ocrx_word' id='word_1_101' title='bbox 957 753 1052 788; x_wconf 88' lang='lat' dir='ltr'>vitae</span> <span class='ocrx_word' id='word_1_102' title='bbox 1073 752 1320 799; x_wconf 87' lang='lat' dir='ltr'>prudentioris</span> <span class='ocrx_word' id='word_1_103' title='bbox 1342 753 1530 801; x_wconf 86' lang='lat' dir='ltr'>exempla?</span> 
     </span>
     <span class='ocr_line' id='line_1_14' title="bbox 169 804 1528 858; baseline -0.002 -11"><span class='ocrx_word' id='word_1_104' title='bbox 169 809 277 847; x_wconf 88' lang='lat' dir='ltr'>Adeo</span> <span class='ocrx_word' id='word_1_105' title='bbox 295 820 379 846; x_wconf 91' lang='lat' dir='ltr'>cum</span> <span class='ocrx_word' id='word_1_106' title='bbox 396 807 503 846; x_wconf 88' lang='lat' dir='ltr'>rebus</span> <span class='ocrx_word' id='word_1_107' title='bbox 522 807 602 858; x_wconf 83' lang='lat' dir='ltr'>ipfis</span> <span class='ocrx_word' id='word_1_108' title='bbox 621 807 830 845; x_wconf 63' lang='lat' dir='ltr'>coniunctus</span> <span class='ocrx_word' id='word_1_109' title='bbox 846 806 896 844; x_wconf 92' lang='lat' dir='ltr'>est</span> <span class='ocrx_word' id='word_1_110' title='bbox 913 804 994 858; x_wconf 72' lang='lat' dir='ltr'>vsus</span> <span class='ocrx_word' id='word_1_111' title='bbox 1017 816 1060 846; x_wconf 86' lang='lat' dir='ltr'>vt</span> <span class='ocrx_word' id='word_1_112' title='bbox 1075 806 1169 843; x_wconf 75' lang='lat' dir='ltr'>leCiu</span> <span class='ocrx_word' id='word_1_113' title='bbox 1188 805 1420 857; x_wconf 75' lang='lat' dir='ltr'>dignissimam</span> <span class='ocrx_word' id='word_1_114' title='bbox 1445 805 1528 857; x_wconf 57' lang='lat' dir='ltr'>pol?-</span> 
     </span>
     <span class='ocr_line' id='line_1_15' title="bbox 169 860 1531 913; baseline -0.001 -13"><span class='ocrx_word' id='word_1_115' title='bbox 169 864 210 900; x_wconf 83' lang='lat' dir='ltr'>fis</span> <span class='ocrx_word' id='word_1_116' title='bbox 241 864 417 913; x_wconf 85' lang='lat' dir='ltr'>adpellare</span> <span class='ocrx_word' id='word_1_117' title='bbox 435 876 575 901; x_wconf 57' lang='lat' dir='ltr'>1L1v11</span> <span class='ocrx_word' id='word_1_118' title='bbox 610 862 803 902; x_wconf 88' lang='lat' dir='ltr'>historiam.</span> <span class='ocrx_word' id='word_1_119' title='bbox 888 863 946 899; x_wconf 92' lang='lat' dir='ltr'>Ne</span> <span class='ocrx_word' id='word_1_120' title='bbox 969 860 1083 898; x_wconf 77' lang='lat' dir='ltr'>desint</span> <span class='ocrx_word' id='word_1_121' title='bbox 1108 863 1283 911; x_wconf 86' lang='lat' dir='ltr'>exempla,</span> <span class='ocrx_word' id='word_1_122' title='bbox 1300 874 1347 899; x_wconf 90' lang='lat' dir='ltr'>ex</span> <span class='ocrx_word' id='word_1_123' title='bbox 1367 862 1531 911; x_wconf 88' lang='lat' dir='ltr'>pluribus</span> 
     </span>
     <span class='ocr_line' id='line_1_16' title="bbox 171 915 1531 968; baseline -0.001 -13"><span class='ocrx_word' id='word_1_124' title='bbox 171 931 282 956; x_wconf 90' lang='lat' dir='ltr'>vnum</span> <span class='ocrx_word' id='word_1_125' title='bbox 301 918 520 956; x_wconf 76' lang='lat' dir='ltr'>adjiciemus.</span> <span class='ocrx_word' id='word_1_126' title='bbox 575 917 770 956; x_wconf 89' lang='lat' dir='ltr'>Historiam</span> <span class='ocrx_word' id='word_1_127' title='bbox 794 917 910 962; x_wconf 87' lang='lat' dir='ltr'>Bruti,</span> <span class='ocrx_word' id='word_1_128' title='bbox 928 918 975 968; x_wconf 84' lang='lat' dir='ltr'>o)</span> <span class='ocrx_word' id='word_1_129' title='bbox 1002 915 1173 953; x_wconf 84' lang='lat' dir='ltr'>libertatis</span> <span class='ocrx_word' id='word_1_130' title='bbox 1189 929 1357 955; x_wconf 83' lang='lat' dir='ltr'>romanae</span> <span class='ocrx_word' id='word_1_131' title='bbox 1376 918 1531 955; x_wconf 90' lang='lat' dir='ltr'>vindicis</span> 
     </span>
     <span class='ocr_line' id='line_1_17' title="bbox 171 970 1528 1024; baseline -0.001 -12"><span class='ocrx_word' id='word_1_132' title='bbox 171 976 319 1014; x_wconf 90' lang='lat' dir='ltr'>minime</span> <span class='ocrx_word' id='word_1_133' title='bbox 336 975 451 1020; x_wconf 90' lang='lat' dir='ltr'>bruti,</span> <span class='ocrx_word' id='word_1_134' title='bbox 494 974 519 1012; x_wconf 84' lang='lat' dir='ltr'>fi</span> <span class='ocrx_word' id='word_1_135' title='bbox 539 970 721 1013; x_wconf 72' lang='lat' dir='ltr'>attentiori</span> <span class='ocrx_word' id='word_1_136' title='bbox 748 975 867 1011; x_wconf 88' lang='lat' dir='ltr'>animo</span> <span class='ocrx_word' id='word_1_137' title='bbox 894 972 1169 1022; x_wconf 77' lang='lat' dir='ltr'>contempleriS,</span> <span class='ocrx_word' id='word_1_138' title='bbox 1208 972 1353 1024; x_wconf 66' lang='lat' dir='ltr'>insignia</span> <span class='ocrx_word' id='word_1_139' title='bbox 1368 974 1528 1023; x_wconf 90' lang='lat' dir='ltr'>pruden-</span> 
     </span>
     <span class='ocr_line' id='line_1_18' title="bbox 168 1027 1528 1080; baseline 0.001 -13"><span class='ocrx_word' id='word_1_140' title='bbox 168 1032 239 1068; x_wconf 85' lang='lat' dir='ltr'>tiae</span> <span class='ocrx_word' id='word_1_141' title='bbox 257 1031 489 1075; x_wconf 89' lang='lat' dir='ltr'>documenta‚</span> <span class='ocrx_word' id='word_1_142' title='bbox 518 1029 734 1080; x_wconf 77' lang='lat' dir='ltr'>reipublicae</span> <span class='ocrx_word' id='word_1_143' title='bbox 750 1028 970 1067; x_wconf 88' lang='lat' dir='ltr'>ordinandae</span> <span class='ocrx_word' id='word_1_144' title='bbox 985 1027 1146 1072; x_wconf 67' lang='lat' dir='ltr'>confina,</span> <span class='ocrx_word' id='word_1_145' title='bbox 1171 1030 1345 1080; x_wconf 88' lang='lat' dir='ltr'>principis</span> <span class='ocrx_word' id='word_1_146' title='bbox 1365 1031 1528 1080; x_wconf 86' lang='lat' dir='ltr'>populo-</span> 
     </span>
     <span class='ocr_line' id='line_1_19' title="bbox 170 1084 1529 1135; baseline -0.003 -12"><span class='ocrx_word' id='word_1_147' title='bbox 170 1098 251 1123; x_wconf 89' lang='lat' dir='ltr'>rum</span> <span class='ocrx_word' id='word_1_148' title='bbox 267 1088 404 1124; x_wconf 87' lang='lat' dir='ltr'>animos</span> <span class='ocrx_word' id='word_1_149' title='bbox 421 1085 485 1123; x_wconf 88' lang='lat' dir='ltr'>fibi</span> <span class='ocrx_word' id='word_1_150' title='bbox 500 1086 738 1135; x_wconf 79' lang='lat' dir='ltr'>deuincientis</span> <span class='ocrx_word' id='word_1_151' title='bbox 751 1086 920 1134; x_wconf 79' lang='lat' dir='ltr'>negotia,</span> <span class='ocrx_word' id='word_1_152' title='bbox 944 1086 1026 1121; x_wconf 84' lang='lat' dir='ltr'>viro</span> <span class='ocrx_word' id='word_1_153' title='bbox 1045 1084 1151 1121; x_wconf 87' lang='lat' dir='ltr'>rebus</span> <span class='ocrx_word' id='word_1_154' title='bbox 1168 1086 1354 1122; x_wconf 88' lang='lat' dir='ltr'>ciuitatum</span> <span class='ocrx_word' id='word_1_155' title='bbox 1375 1099 1529 1135; x_wconf 80' lang='lat' dir='ltr'>compo-</span> 
     </span>
     <span class='ocr_line' id='line_1_20' title="bbox 133 1137 1529 1190; baseline 0 -12"><span class='ocrx_word' id='word_1_156' title='bbox 133 1170 137 1173; x_wconf 34' lang='lat'>«</span> <span class='ocrx_word' id='word_1_157' title='bbox 172 1142 300 1179; x_wconf 84' lang='lat' dir='ltr'>nendis</span> <span class='ocrx_word' id='word_1_158' title='bbox 324 1151 518 1190; x_wconf 81' lang='lat' dir='ltr'>occupato,</span> <span class='ocrx_word' id='word_1_159' title='bbox 553 1141 714 1178; x_wconf 76' lang='lat' dir='ltr'>maximo</span> <span class='ocrx_word' id='word_1_160' title='bbox 748 1137 924 1177; x_wconf 62' lang='lat' dir='ltr'>fructuosa</span> <span class='ocrx_word' id='word_1_161' title='bbox 953 1139 1039 1177; x_wconf 87' lang='lat' dir='ltr'>huic</span> <span class='ocrx_word' id='word_1_162' title='bbox 1066 1138 1234 1177; x_wconf 86' lang='lat' dir='ltr'>historiae</span> <span class='ocrx_word' id='word_1_163' title='bbox 1264 1140 1360 1190; x_wconf 89' lang='lat' dir='ltr'>leges</span> <span class='ocrx_word' id='word_1_164' title='bbox 1386 1140 1529 1179; x_wconf 88' lang='lat' dir='ltr'>inserta.</span> 
     </span>
     <span class='ocr_line' id='line_1_21' title="bbox 171 1195 1529 1247; baseline 0.001 -12"><span class='ocrx_word' id='word_1_165' title='bbox 171 1197 285 1247; x_wconf 85' lang='lat' dir='ltr'>Apud</span> <span class='ocrx_word' id='word_1_166' title='bbox 301 1195 540 1246; x_wconf 75' lang='lat' dir='ltr'>Tarquinium</span> <span class='ocrx_word' id='word_1_167' title='bbox 556 1196 642 1233; x_wconf 86' lang='lat' dir='ltr'>dum</span> <span class='ocrx_word' id='word_1_168' title='bbox 657 1195 945 1233; x_wconf 85' lang='lat' dir='ltr'>commorabatur</span> <span class='ocrx_word' id='word_1_169' title='bbox 966 1196 1113 1238; x_wconf 84' lang='lat' dir='ltr'>Brutus,</span> <span class='ocrx_word' id='word_1_170' title='bbox 1145 1205 1186 1233; x_wconf 91' lang='lat' dir='ltr'>vt</span> <span class='ocrx_word' id='word_1_171' title='bbox 1209 1206 1382 1241; x_wconf 87' lang='lat' dir='ltr'>mortem,</span> <span class='ocrx_word' id='word_1_172' title='bbox 1420 1209 1529 1247; x_wconf 90' lang='lat' dir='ltr'>quam</span> 
     </span>
     <span class='ocr_line' id='line_1_22' title="bbox 175 1250 1529 1302; baseline 0.001 -13"><span class='ocrx_word' id='word_1_173' title='bbox 175 1252 240 1302; x_wconf 85' lang='lat' dir='ltr'>ipfi</span> <span class='ocrx_word' id='word_1_174' title='bbox 267 1265 334 1290; x_wconf 89' lang='lat' dir='ltr'>rex</span> <span class='ocrx_word' id='word_1_175' title='bbox 360 1251 644 1297; x_wconf 83' lang='lat' dir='ltr'>machinabatur,</span> <span class='ocrx_word' id='word_1_176' title='bbox 688 1250 884 1302; x_wconf 84' lang='lat' dir='ltr'>effugeret,</span> <span class='ocrx_word' id='word_1_177' title='bbox 934 1251 1042 1288; x_wconf 85' lang='lat' dir='ltr'>animi</span> <span class='ocrx_word' id='word_1_178' title='bbox 1083 1250 1341 1289; x_wconf 86' lang='lat' dir='ltr'>fimulationem</span> <span class='ocrx_word' id='word_1_179' title='bbox 1365 1253 1529 1291; x_wconf 90' lang='lat' dir='ltr'>induerat</span> 
     </span>
    </p>
   </div>
   <div class='ocr_carea' id='block_1_3' title="bbox 1547 908 1720 952">
    <p class='ocr_par' dir='ltr' id='par_1_3' title="bbox 1547 908 1720 952">
     <span class='ocr_line' id='line_1_23' title="bbox 1547 908 1720 952; baseline 0.006 -11"><span class='ocrx_word' id='word_1_180' title='bbox 1547 909 1582 952; x_wconf 82' lang='grc' dir='ltr'>ο)</span> <span class='ocrx_word' id='word_1_181' title='bbox 1606 908 1720 951; x_wconf 87' lang='lat' dir='ltr'>Liuius</span> 
     </span>
    </p>
   </div>
   <div class='ocr_carea' id='block_1_4' title="bbox 1545 954 1780 1003">
    <p class='ocr_par' dir='ltr' id='par_1_4' title="bbox 1545 954 1780 1003">
     <span class='ocr_line' id='line_1_24' title="bbox 1545 954 1780 1003; baseline -0.009 -12"><span class='ocrx_word' id='word_1_182' title='bbox 1545 956 1582 991; x_wconf 88' lang='lat' dir='ltr'>L.</span> <span class='ocrx_word' id='word_1_183' title='bbox 1590 954 1629 991; x_wconf 91' lang='lat'>11.</span> <span class='ocrx_word' id='word_1_184' title='bbox 1638 967 1664 990; x_wconf 85' lang='lat' dir='ltr'>c.</span> <span class='ocrx_word' id='word_1_185' title='bbox 1678 954 1780 1003; x_wconf 78' lang='lat' dir='ltr'>1.seq.</span> 
     </span>
    </p>
   </div>
   <div class='ocr_carea' id='block_1_5' title="bbox 170 1306 1561 1357">
    <p class='ocr_par' dir='ltr' id='par_1_5' title="bbox 170 1306 1561 1357">
     <span class='ocr_line' id='line_1_25' title="bbox 170 1306 1561 1357; baseline 0.001 -12"><span class='ocrx_word' id='word_1_186' title='bbox 170 1318 206 1345; x_wconf 89' lang='lat' dir='ltr'>et</span> <span class='ocrx_word' id='word_1_187' title='bbox 224 1310 259 1345; x_wconf 92' lang='lat' dir='ltr'>in</span> <span class='ocrx_word' id='word_1_188' title='bbox 279 1318 360 1345; x_wconf 89' lang='lat' dir='ltr'>tuto</span> <span class='ocrx_word' id='word_1_189' title='bbox 380 1308 491 1344; x_wconf 88' lang='lat' dir='ltr'>latens</span> <span class='ocrx_word' id='word_1_190' title='bbox 512 1307 571 1345; x_wconf 91' lang='lat' dir='ltr'>sua</span> <span class='ocrx_word' id='word_1_191' title='bbox 587 1306 842 1357; x_wconf 86' lang='lat' dir='ltr'>opperiebatur</span> <span class='ocrx_word' id='word_1_192' title='bbox 856 1317 1029 1356; x_wconf 89' lang='lat' dir='ltr'>tempora.</span> <span class='ocrx_word' id='word_1_193' title='bbox 1085 1307 1146 1344; x_wconf 92' lang='lat' dir='ltr'>Ad</span> <span class='ocrx_word' id='word_1_194' title='bbox 1172 1308 1411 1357; x_wconf 83' lang='lat' dir='ltr'>gubernacula</span> <span class='ocrx_word' id='word_1_195' title='bbox 1438 1321 1528 1346; x_wconf 91' lang='lat' dir='ltr'>vero</span> <span class='ocrx_word' id='word_1_196' title='bbox 1557 1342 1561 1347; x_wconf 85' lang='lat'>.</span> 
     </span>
    </p>
   </div>
   <div class='ocr_carea' id='block_1_6' title="bbox 170 1362 1536 2138">
    <p class='ocr_par' dir='ltr' id='par_1_6' title="bbox 170 1362 1536 2138">
     <span class='ocr_line' id='line_1_26' title="bbox 170 1362 1526 1413; baseline 0 -13"><span class='ocrx_word' id='word_1_197' title='bbox 170 1363 391 1412; x_wconf 82' lang='lat' dir='ltr'>reipublicae</span> <span class='ocrx_word' id='word_1_198' title='bbox 407 1362 590 1406; x_wconf 51' lang='lat' dir='ltr'>admotus«,</span> <span class='ocrx_word' id='word_1_199' title='bbox 617 1373 790 1411; x_wconf 85' lang='lat' dir='ltr'>quantum</span> <span class='ocrx_word' id='word_1_200' title='bbox 808 1372 961 1400; x_wconf 86' lang='lat' dir='ltr'>mutatus</span> <span class='ocrx_word' id='word_1_201' title='bbox 976 1372 1052 1399; x_wconf 90' lang='lat' dir='ltr'>erat</span> <span class='ocrx_word' id='word_1_202' title='bbox 1070 1362 1111 1400; x_wconf 86' lang='lat' dir='ltr'>ab</span> <span class='ocrx_word' id='word_1_203' title='bbox 1128 1363 1191 1399; x_wconf 89' lang='lat' dir='ltr'>illo</span> <span class='ocrx_word' id='word_1_204' title='bbox 1203 1365 1311 1401; x_wconf 84' lang='lat' dir='ltr'>Bruto</span> <span class='ocrx_word' id='word_1_205' title='bbox 1323 1390 1336 1410; x_wconf 90' lang='lat'>‚</span> <span class='ocrx_word' id='word_1_206' title='bbox 1362 1364 1427 1413; x_wconf 90' lang='lat' dir='ltr'>qui</span> <span class='ocrx_word' id='word_1_207' title='bbox 1441 1364 1526 1401; x_wconf 86' lang='lat' dir='ltr'>stul-</span> 
     </span>
     <span class='ocr_line' id='line_1_27' title="bbox 171 1416 1530 1461; baseline 0.001 -7"><span class='ocrx_word' id='word_1_208' title='bbox 171 1418 248 1454; x_wconf 90' lang='lat' dir='ltr'>titia</span> <span class='ocrx_word' id='word_1_209' title='bbox 265 1416 323 1454; x_wconf 90' lang='lat' dir='ltr'>sua</span> <span class='ocrx_word' id='word_1_210' title='bbox 343 1417 528 1461; x_wconf 86' lang='lat' dir='ltr'>inuolutus</span> <span class='ocrx_word' id='word_1_211' title='bbox 551 1418 676 1454; x_wconf 87' lang='lat' dir='ltr'>mortis</span> <span class='ocrx_word' id='word_1_212' title='bbox 701 1416 890 1454; x_wconf 85' lang='lat' dir='ltr'>discrimen</span> <span class='ocrx_word' id='word_1_213' title='bbox 917 1429 936 1453; x_wconf 92' lang='lat' dir='ltr'>a</span> <span class='ocrx_word' id='word_1_214' title='bbox 957 1416 992 1453; x_wconf 89' lang='lat' dir='ltr'>se</span> <span class='ocrx_word' id='word_1_215' title='bbox 1015 1428 1198 1456; x_wconf 85' lang='lat' dir='ltr'>auerterat.</span> <span class='ocrx_word' id='word_1_216' title='bbox 1276 1419 1392 1455; x_wconf 89' lang='lat' dir='ltr'>Tanta</span> <span class='ocrx_word' id='word_1_217' title='bbox 1420 1420 1530 1456; x_wconf 88' lang='lat' dir='ltr'>animi</span> 
     </span>
     <span class='ocr_line' id='line_1_28' title="bbox 171 1468 1535 1525; baseline 0.001 -14"><span class='ocrx_word' id='word_1_218' title='bbox 171 1468 364 1511; x_wconf 75' lang='lat' dir='ltr'>calliditate</span> <span class='ocrx_word' id='word_1_219' title='bbox 387 1484 443 1509; x_wconf 88' lang='lat' dir='ltr'>res</span> <span class='ocrx_word' id='word_1_220' title='bbox 470 1472 660 1510; x_wconf 87' lang='lat' dir='ltr'>ordinabat</span> <span class='ocrx_word' id='word_1_221' title='bbox 674 1497 686 1516; x_wconf 94' lang='lat'>,</span> <span class='ocrx_word' id='word_1_222' title='bbox 730 1470 908 1510; x_wconf 91' lang='lat' dir='ltr'>sacrorum</span> <span class='ocrx_word' id='word_1_223' title='bbox 941 1473 1134 1522; x_wconf 83' lang='lat' dir='ltr'>praecipue</span> <span class='ocrx_word' id='word_1_224' title='bbox 1160 1485 1281 1511; x_wconf 89' lang='lat' dir='ltr'>curam</span> <span class='ocrx_word' id='word_1_225' title='bbox 1304 1472 1535 1525; x_wconf 85' lang='lat' dir='ltr'>suscipiebat,</span> 
     </span>
     <span class='ocr_line' id='line_1_29' title="bbox 171 1526 1531 1576; baseline 0.002 -11"><span class='ocrx_word' id='word_1_226' title='bbox 171 1528 329 1566; x_wconf 86' lang='lat' dir='ltr'>senatum</span> <span class='ocrx_word' id='word_1_227' title='bbox 347 1527 466 1565; x_wconf 81' lang='lat' dir='ltr'>multis</span> <span class='ocrx_word' id='word_1_228' title='bbox 479 1528 651 1566; x_wconf 78' lang='lat' dir='ltr'>caedibus</span> <span class='ocrx_word' id='word_1_229' title='bbox 666 1529 914 1572; x_wconf 86' lang='lat' dir='ltr'>imminutum,</span> <span class='ocrx_word' id='word_1_230' title='bbox 943 1529 1048 1565; x_wconf 89' lang='lat' dir='ltr'>nouis</span> <span class='ocrx_word' id='word_1_231' title='bbox 1067 1529 1103 1565; x_wconf 91' lang='lat' dir='ltr'>in</span> <span class='ocrx_word' id='word_1_232' title='bbox 1119 1529 1218 1567; x_wconf 90' lang='lat' dir='ltr'>hunc</span> <span class='ocrx_word' id='word_1_233' title='bbox 1240 1526 1404 1567; x_wconf 84' lang='lat' dir='ltr'>ordinem</span> <span class='ocrx_word' id='word_1_234' title='bbox 1418 1531 1531 1576; x_wconf 59' lang='lat' dir='ltr'>lectis,</span> 
     </span>
     <span class='ocr_line' id='line_1_30' title="bbox 172 1582 1530 1636; baseline 0.001 -15"><span class='ocrx_word' id='word_1_235' title='bbox 172 1582 382 1628; x_wconf 87' lang='lat' dir='ltr'>reficiebat,</span> <span class='ocrx_word' id='word_1_236' title='bbox 423 1582 649 1621; x_wconf 84' lang='lat' dir='ltr'>domesticam</span> <span class='ocrx_word' id='word_1_237' title='bbox 681 1583 963 1621; x_wconf 88' lang='lat' dir='ltr'>incolumitatem</span> <span class='ocrx_word' id='word_1_238' title='bbox 989 1585 1119 1632; x_wconf 88' lang='lat' dir='ltr'>patriae</span> <span class='ocrx_word' id='word_1_239' title='bbox 1145 1583 1245 1623; x_wconf 87' lang='lat' dir='ltr'>saluti</span> <span class='ocrx_word' id='word_1_240' title='bbox 1270 1585 1530 1636; x_wconf 86' lang='lat' dir='ltr'>postponebat,</span> 
     </span>
     <span class='ocr_line' id='line_1_31' title="bbox 172 1638 1530 1691; baseline 0.002 -15"><span class='ocrx_word' id='word_1_241' title='bbox 172 1639 288 1691; x_wconf 88' lang='lat' dir='ltr'>plebis</span> <span class='ocrx_word' id='word_1_242' title='bbox 313 1640 469 1684; x_wconf 90' lang='lat' dir='ltr'>animos,</span> <span class='ocrx_word' id='word_1_243' title='bbox 499 1639 647 1677; x_wconf 73' lang='lat' dir='ltr'>obieffis</span> <span class='ocrx_word' id='word_1_244' title='bbox 674 1640 962 1690; x_wconf 85' lang='lat' dir='ltr'>Tarquiniorum</span> <span class='ocrx_word' id='word_1_245' title='bbox 987 1638 1115 1685; x_wconf 92' lang='lat' dir='ltr'>bonis,</span> <span class='ocrx_word' id='word_1_246' title='bbox 1139 1639 1334 1688; x_wconf 89' lang='lat' dir='ltr'>inescabat,</span> <span class='ocrx_word' id='word_1_247' title='bbox 1362 1653 1530 1680; x_wconf 90' lang='lat' dir='ltr'>omnem-</span> 
     </span>
     <span class='ocr_line' id='line_1_32' title="bbox 173 1694 1531 1745; baseline 0.002 -13"><span class='ocrx_word' id='word_1_248' title='bbox 173 1707 247 1745; x_wconf 92' lang='lat' dir='ltr'>que</span> <span class='ocrx_word' id='word_1_249' title='bbox 265 1695 417 1732; x_wconf 81' lang='lat' dir='ltr'>ciuitatis</span> <span class='ocrx_word' id='word_1_250' title='bbox 438 1694 564 1732; x_wconf 89' lang='lat' dir='ltr'>statum</span> <span class='ocrx_word' id='word_1_251' title='bbox 583 1695 631 1732; x_wconf 87' lang='lat' dir='ltr'>ita</span> <span class='ocrx_word' id='word_1_252' title='bbox 653 1695 910 1738; x_wconf 86' lang='lat' dir='ltr'>commutabat,</span> <span class='ocrx_word' id='word_1_253' title='bbox 936 1705 979 1732; x_wconf 89' lang='lat' dir='ltr'>vt</span> <span class='ocrx_word' id='word_1_254' title='bbox 1003 1696 1160 1744; x_wconf 84' lang='lat' dir='ltr'>populus</span> <span class='ocrx_word' id='word_1_255' title='bbox 1188 1702 1356 1734; x_wconf 84' lang='lat' dir='ltr'>roman&#39;us</span> <span class='ocrx_word' id='word_1_256' title='bbox 1367 1722 1382 1740; x_wconf 91' lang='lat'>,</span> <span class='ocrx_word' id='word_1_257' title='bbox 1414 1708 1531 1735; x_wconf 89' lang='lat' dir='ltr'>muta-</span> 
     </span>
     <span class='ocr_line' id='line_1_33' title="bbox 171 1748 1532 1801; baseline 0.001 -13"><span class='ocrx_word' id='word_1_258' title='bbox 171 1762 207 1788; x_wconf 92' lang='lat' dir='ltr'>ta</span> <span class='ocrx_word' id='word_1_259' title='bbox 223 1750 406 1801; x_wconf 89' lang='lat' dir='ltr'>regiminis</span> <span class='ocrx_word' id='word_1_260' title='bbox 434 1749 571 1798; x_wconf 87' lang='lat' dir='ltr'>forma,</span> <span class='ocrx_word' id='word_1_261' title='bbox 603 1761 640 1788; x_wconf 92' lang='lat' dir='ltr'>et</span> <span class='ocrx_word' id='word_1_262' title='bbox 670 1751 765 1788; x_wconf 89' lang='lat' dir='ltr'>inani</span> <span class='ocrx_word' id='word_1_263' title='bbox 790 1750 956 1788; x_wconf 90' lang='lat' dir='ltr'>libertatis</span> <span class='ocrx_word' id='word_1_264' title='bbox 980 1748 1099 1800; x_wconf 90' lang='lat' dir='ltr'>specie</span> <span class='ocrx_word' id='word_1_265' title='bbox 1126 1749 1290 1796; x_wconf 84' lang='lat' dir='ltr'>delusus,</span> <span class='ocrx_word' id='word_1_266' title='bbox 1321 1752 1532 1790; x_wconf 79' lang='lat' dir='ltr'>laetioribus</span> 
     </span>
     <span class='ocr_line' id='line_1_34' title="bbox 172 1804 1531 1857; baseline 0.001 -13"><span class='ocrx_word' id='word_1_267' title='bbox 172 1806 330 1844; x_wconf 86' lang='lat' dir='ltr'>humeris</span> <span class='ocrx_word' id='word_1_268' title='bbox 347 1804 526 1843; x_wconf 89' lang='lat' dir='ltr'>seruitutis</span> <span class='ocrx_word' id='word_1_269' title='bbox 543 1807 669 1857; x_wconf 88' lang='lat' dir='ltr'>iugum</span> <span class='ocrx_word' id='word_1_270' title='bbox 688 1805 885 1848; x_wconf 84' lang='lat' dir='ltr'>sustineret.</span> <span class='ocrx_word' id='word_1_271' title='bbox 939 1805 1058 1844; x_wconf 91' lang='lat' dir='ltr'>Multa</span> <span class='ocrx_word' id='word_1_272' title='bbox 1074 1804 1154 1843; x_wconf 86' lang='lat' dir='ltr'>sane</span> <span class='ocrx_word' id='word_1_273' title='bbox 1172 1808 1209 1844; x_wconf 91' lang='lat' dir='ltr'>in</span> <span class='ocrx_word' id='word_1_274' title='bbox 1229 1807 1337 1856; x_wconf 83' lang='lat' dir='ltr'>huius</span> <span class='ocrx_word' id='word_1_275' title='bbox 1363 1808 1531 1846; x_wconf 88' lang='lat' dir='ltr'>historiae</span> 
     </span>
     <span class='ocr_line' id='line_1_35' title="bbox 173 1856 1532 1912; baseline 0 -12"><span class='ocrx_word' id='word_1_276' title='bbox 173 1862 383 1912; x_wconf 90' lang='lat' dir='ltr'>cognitione</span> <span class='ocrx_word' id='word_1_277' title='bbox 396 1861 541 1899; x_wconf 91' lang='lat' dir='ltr'>salubria</span> <span class='ocrx_word' id='word_1_278' title='bbox 560 1873 596 1899; x_wconf 91' lang='lat' dir='ltr'>et</span> <span class='ocrx_word' id='word_1_279' title='bbox 612 1856 782 1912; x_wconf 79' lang='lat' dir='ltr'>frugifera</span> <span class='ocrx_word' id='word_1_280' title='bbox 800 1863 909 1900; x_wconf 83' lang='lat' dir='ltr'>latent</span> <span class='ocrx_word' id='word_1_281' title='bbox 921 1889 931 1906; x_wconf 95' lang='lat'>,</span> <span class='ocrx_word' id='word_1_282' title='bbox 961 1862 1058 1899; x_wconf 91' lang='lat' dir='ltr'>vnde</span> <span class='ocrx_word' id='word_1_283' title='bbox 1074 1862 1299 1911; x_wconf 81' lang='lat' dir='ltr'>publicarum</span> <span class='ocrx_word' id='word_1_284' title='bbox 1322 1876 1439 1900; x_wconf 91' lang='lat' dir='ltr'>rerum</span> <span class='ocrx_word' id='word_1_285' title='bbox 1456 1863 1532 1900; x_wconf 86' lang='lat' dir='ltr'>stu-</span> 
     </span>
     <span class='ocr_line' id='line_1_36' title="bbox 172 1915 1531 1968; baseline 0.001 -13"><span class='ocrx_word' id='word_1_286' title='bbox 172 1915 313 1964; x_wconf 87' lang='lat' dir='ltr'>diosus,</span> <span class='ocrx_word' id='word_1_287' title='bbox 355 1915 418 1954; x_wconf 88' lang='lat' dir='ltr'>fibi</span> <span class='ocrx_word' id='word_1_288' title='bbox 449 1916 604 1968; x_wconf 90' lang='lat' dir='ltr'>suaeque</span> <span class='ocrx_word' id='word_1_289' title='bbox 631 1918 870 1968; x_wconf 89' lang='lat' dir='ltr'>reipublicae,</span> <span class='ocrx_word' id='word_1_290' title='bbox 912 1918 1014 1968; x_wconf 91' lang='lat' dir='ltr'>quod</span> <span class='ocrx_word' id='word_1_291' title='bbox 1042 1918 1222 1964; x_wconf 87' lang='lat' dir='ltr'>imitetur,</span> <span class='ocrx_word' id='word_1_292' title='bbox 1263 1931 1390 1968; x_wconf 89' lang='lat' dir='ltr'>capere</span> <span class='ocrx_word' id='word_1_293' title='bbox 1411 1918 1531 1968; x_wconf 85' lang='lat' dir='ltr'>possit.</span> 
     </span>
     <span class='ocr_line' id='line_1_37' title="bbox 172 1969 1534 2024; baseline 0.001 -13"><span class='ocrx_word' id='word_1_294' title='bbox 172 1969 355 2011; x_wconf 85' lang='lat' dir='ltr'>Praeterea</span> <span class='ocrx_word' id='word_1_295' title='bbox 369 1974 519 2012; x_wconf 85' lang='lat' dir='ltr'>varietas</span> <span class='ocrx_word' id='word_1_296' title='bbox 533 1974 739 2024; x_wconf 83' lang='lat' dir='ltr'>narrationis</span> <span class='ocrx_word' id='word_1_297' title='bbox 759 1973 917 2024; x_wconf 90' lang='lat' dir='ltr'>impense</span> <span class='ocrx_word' id='word_1_298' title='bbox 936 1974 1102 2017; x_wconf 58' lang='lat' dir='ltr'>oblectat,</span> <span class='ocrx_word' id='word_1_299' title='bbox 1126 1974 1213 2011; x_wconf 90' lang='lat' dir='ltr'>dum</span> <span class='ocrx_word' id='word_1_300' title='bbox 1239 1973 1438 2024; x_wconf 89' lang='lat' dir='ltr'>suspensum</span> <span class='ocrx_word' id='word_1_301' title='bbox 1455 1976 1534 2012; x_wconf 91' lang='lat' dir='ltr'>vel-</span> 
     </span>
     <span class='ocr_line' id='line_1_38' title="bbox 174 2029 1536 2082; baseline 0.001 -14"><span class='ocrx_word' id='word_1_302' title='bbox 174 2030 230 2068; x_wconf 89' lang='lat' dir='ltr'>uti</span> <span class='ocrx_word' id='word_1_303' title='bbox 247 2038 347 2067; x_wconf 91' lang='lat' dir='ltr'>tenet</span> <span class='ocrx_word' id='word_1_304' title='bbox 372 2029 541 2069; x_wconf 62' lang='lat' dir='ltr'>letiorem</span> <span class='ocrx_word' id='word_1_305' title='bbox 564 2032 601 2068; x_wconf 90' lang='lat' dir='ltr'>in</span> <span class='ocrx_word' id='word_1_306' title='bbox 617 2031 863 2082; x_wconf 60' lang='lat' dir='ltr'>expectatione</span> <span class='ocrx_word' id='word_1_307' title='bbox 883 2029 962 2067; x_wconf 77' lang='lat' dir='ltr'>finis·</span> <span class='ocrx_word' id='word_1_308' title='bbox 982 2040 1018 2068; x_wconf 90' lang='lat' dir='ltr'>et</span> <span class='ocrx_word' id='word_1_309' title='bbox 1036 2030 1141 2069; x_wconf 84' lang='lat' dir='ltr'>exitu</span> <span class='ocrx_word' id='word_1_310' title='bbox 1158 2041 1284 2069; x_wconf 86' lang='lat' dir='ltr'>rerum.</span> <span class='ocrx_word' id='word_1_311' title='bbox 1337 2030 1536 2069; x_wconf 89' lang='lat' dir='ltr'>Molestum</span> 
     </span>
     <span class='ocr_line' id='line_1_39' title="bbox 174 2085 1536 2138; baseline 0.001 -14"><span class='ocrx_word' id='word_1_312' title='bbox 174 2086 225 2124; x_wconf 88' lang='lat' dir='ltr'>est</span> <span class='ocrx_word' id='word_1_313' title='bbox 241 2085 383 2124; x_wconf 84' lang='lat' dir='ltr'>auribus</span> <span class='ocrx_word' id='word_1_314' title='bbox 399 2099 468 2124; x_wconf 90' lang='lat' dir='ltr'>vna</span> <span class='ocrx_word' id='word_1_315' title='bbox 486 2088 683 2138; x_wconf 87' lang='lat' dir='ltr'>eademque</span> <span class='ocrx_word' id='word_1_316' title='bbox 703 2088 776 2135; x_wconf 91' lang='lat' dir='ltr'>lyra</span> <span class='ocrx_word' id='word_1_317' title='bbox 794 2088 1020 2126; x_wconf 88' lang='lat' dir='ltr'>oberrantem</span> <span class='ocrx_word' id='word_1_318' title='bbox 1048 2085 1250 2125; x_wconf 89' lang='lat' dir='ltr'>auscultare.</span> <span class='ocrx_word' id='word_1_319' title='bbox 1310 2088 1450 2126; x_wconf 89' lang='lat' dir='ltr'>Sonora</span> <span class='ocrx_word' id='word_1_320' title='bbox 1471 2100 1536 2125; x_wconf 79' lang='lat' dir='ltr'>ve-</span> 
     </span>
    </p>
   </div>
   <div class='ocr_carea' id='block_1_7' title="bbox 174 2140 1535 2236">
    <p class='ocr_par' dir='ltr' id='par_1_7' title="bbox 174 2140 1535 2236">
     <span class='ocr_line' id='line_1_40' title="bbox 174 2140 1534 2185; baseline -0.001 -6"><span class='ocrx_word' id='word_1_321' title='bbox 174 2154 218 2179; x_wconf 91' lang='lat' dir='ltr'>ro</span> <span class='ocrx_word' id='word_1_322' title='bbox 249 2140 420 2181; x_wconf 85' lang='lat' dir='ltr'>sonorum</span> <span class='ocrx_word' id='word_1_323' title='bbox 451 2141 657 2183; x_wconf 84' lang='lat' dir='ltr'>vic-iffitudo</span> <span class='ocrx_word' id='word_1_324' title='bbox 692 2144 811 2182; x_wconf 82' lang='lat' dir='ltr'>titillat</span> <span class='ocrx_word' id='word_1_325' title='bbox 846 2156 960 2181; x_wconf 77' lang='lat' dir='ltr'>aures·</span> <span class='ocrx_word' id='word_1_326' title='bbox 1056 2144 1153 2180; x_wconf 87' lang='lat' dir='ltr'>Hinc</span> <span class='ocrx_word' id='word_1_327' title='bbox 1188 2143 1344 2185; x_wconf 87' lang='lat' dir='ltr'>intextae</span> <span class='ocrx_word' id='word_1_328' title='bbox 1377 2143 1534 2181; x_wconf 82' lang='lat' dir='ltr'>historiis</span> 
     </span>
     <span class='ocr_line' id='line_1_41' title="bbox 883 2198 1535 2236; baseline 0 0"><span class='ocrx_word' id='word_1_329' title='bbox 883 2201 913 2236; x_wconf 91' lang='lat' dir='ltr'>C</span> <span class='ocrx_word' id='word_1_330' title='bbox 1426 2198 1535 2236; x_wconf 87' lang='lat' dir='ltr'>histo-</span> 
     </span>
    </p>
   </div>
  </div>
 </body>
</html>
