1919 2326
134 744 177 789 π)
194 744 310 781 Liuius

132 792 171 826 L.
192 793 369 828 xxix.c.

134 845 194 884 29.
211 837 303 886 seqq.

381 60 431 99 18
568 61 638 91 DE
693 60 938 91 LACTE'A
985 59 1149 88 Livii
1204 62 1541 97 vunnu-Arm

375 138 568 183 historiae,
595 139 802 191 interpolati
824 137 974 179 subinde
994 137 1225 190 personarum
1259 141 1498 193 locorumque
1530 143 1751 184 char-naeres

377 207 415 236 et
432 191 603 246 inspersae
618 208 739 238 rerum
754 195 996 234 similitudines
1013 207 1089 234 non
1114 195 1261 247 possunt
1289 210 1365 236 non
1388 196 1448 236 sua
1480 198 1652 240 varietate
1670 202 1744 239 ani-

380 264 482 292 mum
505 252 550 289 ad
565 263 660 289 noua
677 250 818 302 semper
844 250 1067 290 festinantem
1092 252 1281 293 oblectare.
1335 256 1415 292 Hac
1444 255 1550 293 etiam
1574 257 1746 295 varietate

381 307 552 349 historiae
578 305 703 346 seriem
733 305 884 346 subinde
907 308 1136 359 interrumpit
1163 321 1329 347 LlVIvs
1341 336 1352 355 ,
1377 310 1436 348 vel
1461 309 1642 355 sententiis
1672 311 1747 351 ele-

384 362 631 417 gantioribus,
654 364 715 402 vel
732 363 869 402 iudicio
887 362 951 402 suo
968 364 1166 404 interiefio.
1245 366 1343 403 Mox
1360 364 1499 418 effingit
1520 367 1749 414 concionem,

386 432 479 462 mox
495 419 710 459 characteres
726 420 893 459 locorum
910 419 1213 472 personarumque
1237 419 1421 466 efformet,
1454 435 1545 461 mox
1570 422 1752 461 historiam

388 476 458 515 alia
473 477 624 526 quadam
640 475 784 514 historia
801 474 1016 524 interpolat,
1039 489 1129 514 mox
1146 476 1190 514 ad
1205 476 1335 526 populi
1351 476 1538 515 cuiusdam
1569 489 1625 515 res
1640 477 1753 528 gestas

388 530 607 581 perueniens
633 532 676 570 ab
701 529 780 581 ipsis
803 529 936 581 populi
962 530 1072 568 initiis
1092 542 1236 568 omnem
1259 530 1441 569 historiam
1468 532 1609 582 repetit.
1693 535 1755 572 Sic

387 585 529 639 semper
546 588 685 626 animus
700 587 863 638 legendis
885 598 1014 625 mvii
1035 585 1189 624 historiis
1206 584 1379 624 districtus
1403 588 1575 625 varietate
1599 588 1755 637 quadam

387 654 570 681 recreatur
586 669 598 687 ‚
636 656 684 681 ne
706 644 879 680 continua
904 642 1066 680 eiusdem
1087 642 1140 680 rei
1161 642 1382 688 narratione,
1420 652 1598 694 tamquam
1625 643 1756 683 itinere

387 699 662 751 longinquior-i,
688 698 818 744 fess'us,
839 697 971 749 inipso
991 696 1095 736 cursu
1111 697 1264 737 deficiat.
1285 716 1288 718 v
1320 696 1515 737 Masinissae
1534 697 1624 737 illud
1650 712 1752 740 com-

389 756 622 806 probabimus
640 755 822 804 exemplo.
836 758 891 803 π)
946 757 986 791 ln
1002 754 1240 792 contexendis
1257 753 1343 791 belli
1357 755 1481 791 Punici
1508 754 1662 792 historiis
1684 768 1750 794 oc-
1774 779 1776 781 -

389 820 540 861 cupatus
578 822 758 854 mvnvs,
808 819 845 846 et
865 819 1040 860 quantum
1072 807 1244 846 Masinissit
1272 809 1511 847 Numidarum
1536 821 1622 854 reX,
1657 811 1751 860 parti

387 870 635 906 Romanorum
659 865 852 912 accedens,
887 865 1061 902 momenti
1083 864 1187 902 rebus
1211 865 1366 902 romanis
1397 866 1557 903 attulerit
1572 893 1583 910 ‚
1620 866 1751 905 descri-

389 934 516 973 pturus
528 950 538 965 ,
562 922 742 959 Numidae
758 919 939 957 historiam
954 933 973 956 a
990 919 1195 969 primordiis
1210 918 1279 956 suis
1297 919 1443 957 exorsus
1466 930 1560 957 tanta
1577 921 1751 971 elegantia

388 978 544 1017 romanis
561 975 716 1014 historiis
736 973 943 1019 immiscuit,
970 985 1014 1011 vt
1033 974 1092 1012 ista
1110 975 1261 1012 varietas
1274 975 1408 1012 nemini
1429 988 1502 1013 non
1529 975 1657 1014 debeat
1679 977 1750 1016 esse

390 1034 663 1073 oblectamento.
718 1032 799 1068 Fata
814 1031 881 1067 viri
899 1043 966 1080 per
980 1031 1099 1067 varios
1119 1028 1213 1067 casus
1232 1041 1270 1067 et
1285 1031 1394 1067 multa
1415 1043 1533 1069 rerum
1550 1030 1761 1071 discrimina·

389 1089 436 1127 ad
454 1088 593 1137 paterni
618 1087 719 1136 regni
738 1083 984 1135 poss'effionem
1011 1085 1154 1122 tandem
1171 1085 1371 1132 tendentis,
1399 1085 1536 1135 legisse,
1574 1087 1750 1125 animum-

391 1156 465 1194 que
482 1156 500 1179 a
520 1154 637 1180 rerum
658 1152 881 1178 romanarum
907 1140 1119 1190 cognitione
1136 1139 1180 1177 ad
1203 1139 1442 1178 Numidarum
1464 1140 1607 1181 latibula
1622 1142 1751 1194 paulu-

388 1199 467 1238 lum
483 1197 709 1242 auocauisse,
738 1196 919 1234 neminem
944 1195 1159 1246 poenitebit.

558 1307 738 1341 Sententiae
752 1312 904 1351 quantam
920 1303 1145 1337 iucunditatem
1153 1302 1264 1358 ficum⁴
1267 1300 1393 1348 ferant,
1408 1302 1588 1349 ostenditur.

498 1368 623 1419 Quum
646 1368 766 1418 paullo
787 1377 869 1404 ante
888 1366 934 1403 de
952 1365 1162 1403 narrationis
1182 1367 1350 1403 varietate
1364 1367 1650 1414 disseruerimus,
1674 1381 1755 1409 eam

391 1421 574 1461 sententiis
594 1434 676 1472 apte
699 1421 855 1471 inspeifis
882 1421 1034 1457 multum
1059 1421 1217 1458 adiuuari
1245 1422 1522 1468 contendentes,
1561 1423 1595 1460 fe
1617 1425 1758 1464 occaso

395 1478 470 1515 iam
484 1477 588 1514 nobis
604 1476 732 1524 offert,
760 1477 845 1514 illud
866 1475 1012 1512 vberius
1036 1470 1251 1524 explicandi.
1335 1476 1639 1528 Quandoquidem
1667 1493 1758 1520 vero

399 1534 439 1570 in
459 1531 615 1569 finienda
632 1532 882 1569 sententiaium
910 1541 1032 1569 natura
1064 1531 1201 1567 variant
1227 1531 1319 1568 adeo
1344 1542 1416 1567 tam
1444 1543 1623 1577 veterum,
1651 1547 1761 1584 quam

401 1588 661 1632 recentiorum,
676 1587 890 1627 sententiae,
921 1596 980 1630 vt,
1008 1598 1116 1636 quam
1133 1598 1220 1635 prae
1246 1585 1321 1622 aliis
1338 1585 1508 1636 adoptes‚
1532 1587 1627 1625 haud
1640 1589 1763 1637 facile

401 1643 583 1685 inuenias,
616 1655 683 1679 nos
704 1656 776 1679 non
796 1642 958 1690 poenitet
972 1652 1099 1677 eorum
1124 1641 1192 1678 ess'e
1216 1639 1427 1685 sententiae,
1468 1643 1530 1692 qui
1557 1641 1764 1685 sententiam

402 1711 485 1736 cum
514 1711 569 1735 vo
581 1711 673 1735 ssu)
696 1689 723 1747 1)
749 1696 950 1745 adpellant,
974 1700 1135 1743 generale
1150 1696 1288 1743 aliquod
1296 1696 1555 1741 pronuntiatum
1575 1710 1690 1736 earum
1705 1714 1761 1738 re-

402 1765 501 1799 rum,
524 1764 607 1800 quas
625 1753 662 1788 in
678 1754 806 1799 agendo
815 1750 995 1800 squimur
1007 1760 1069 1787 aut
1078 1749 1249 1800 ficgimus.
1325 1752 1442 1789 Multa
1460 1750 1541 1790 sunt
1563 1764 1761 1803 praeterea,

401 1820 496 1858 quae
512 1808 549 1844 in
568 1808 610 1844 iis
629 1806 868 1845 desiderantur
888 1807 931 1843 ab
953 1807 1035 1843 artis
1053 1806 1253 1844 rhetoricae
1271 1806 1460 1857 magistris,
1488 1820 1582 1857 quae
1592 1819 1707 1848 tamen
1720 1814 1758 1850 in

401 1864 660 1913 compendium
683 1864 915 1913 redigentur,
955 1861 980 1898 fi
1010 1862 1182 1902 duntaxat
1212 1863 1417 1905 veritatem,
1454 1864 1685 1913 grauitatem,
1722 1879 1764 1906 et

401 1931 550 1956 acumen
569 1919 604 1954 iu
626 1919 669 1954 iis
693 1918 879 1955 inueneris.
958 1919 1055 1965 Hoc«,
1066 1917 1258 1967 praecipue
1276 1930 1425 1955 acumen
1446 1930 1502 1955 eas
1525 1923 1764 1970 commendat,

399 1973 425 2011 fi
443 1973 595 2023 speciem
614 1974 764 2024 quidem
782 1973 1072 2011 contradiciionis
1091 1985 1175 2022 prae
1196 1972 1228 2010 se
1243 1972 1386 2017 ferunt,
1410 1986 1503 2023 quae
1525 1985 1641 2013 tamen
1660 1990 1765 2016 cura-

402 2030 473 2066 tius
494 2031 687 2066 examinata
715 2028 903 2066 sententiae
929 2030 1097 2075 veritate,
1131 2029 1248 2064 omnis
1274 2028 1463 2066 euanescit.
1549 2032 1634 2080 Hoc
1665 2035 1761 2071 enim

402 2084 513 2122 modo
533 2083 558 2120 fi
576 2083 712 2122 fuerint
730 2094 975 2133 comparatae,
1001 2084 1226 2121 meditationi
1244 2082 1380 2123 faciunt
1406 2085 1549 2136 locum,
1574 2097 1612 2125 et
1640 2088 1767 2127 leaori

1629 2142 1766 2184 causam

450 2194 463 2225 l
474 2194 487 2237 )
515 2202 540 2227 v
548 2201 571 2228 ο
579 2201 594 2228 S
602 2202 618 2228 s
626 2203 639 2229 1
649 2201 671 2228 v
680 2201 696 2227 s
730 2192 850 2229 Par-tit.
880 2191 973 2229 Orat,
997 2192 1066 2240 Lib.
1112 2192 1170 2228 lv.
1195 2203 1221 2226 c.
1242 2200 1295 2237 15.
