<?xml version="1.0" encoding="UTF-8"?>
<!DOCTYPE html PUBLIC "-//W3C//DTD XHTML 1.0 Transitional//EN"
    "http://www.w3.org/TR/xhtml1/DTD/xhtml1-transitional.dtd">
<html xmlns="http://www.w3.org/1999/xhtml" xml:lang="en" lang="en">
 <head>
  <title>
</title>
<meta http-equiv="Content-Type" content="text/html;charset=utf-8" />
  <meta name='ocr-system' content='tesseract 3.04.00' />
  <meta name='ocr-capabilities' content='ocr_page ocr_carea ocr_par ocr_line ocrx_word'/>
</head>
<body>
  <div class='ocr_page' id='page_1' title='image "4737418_0033.png"; bbox 0 0 1919 2326; ppageno 0'>
   <div class='ocr_carea' id='block_1_1' title="bbox 380 59 1547 105">
    <p class='ocr_par' dir='ltr' id='par_1_1' title="bbox 380 59 1547 105">
     <span class='ocr_line' id='line_1_1' title="bbox 380 59 1547 105; baseline -0.002 -10"><span class='ocrx_word' id='word_1_1' title='bbox 380 65 450 95; x_wconf 68' lang='lat' dir='ltr'>nr:</span> <span class='ocrx_word' id='word_1_2' title='bbox 504 60 749 94; x_wconf 55' lang='lat' dir='ltr'>macrim</span> <span class='ocrx_word' id='word_1_3' title='bbox 804 59 1351 94; x_wconf 54' lang='lat' dir='ltr'>tivrr‘vntnrarz.</span> <span class='ocrx_word' id='word_1_4' title='bbox 1496 66 1547 105; x_wconf 83' lang='lat'>¹9</span> 
     </span>
    </p>
   </div>
   <div class='ocr_carea' id='block_1_2' title="bbox 172 140 1545 1030">
    <p class='ocr_par' dir='ltr' id='par_1_2' title="bbox 172 140 1545 1030">
     <span class='ocr_line' id='line_1_2' title="bbox 172 140 1545 194; baseline -0.006 -7"><span class='ocrx_word' id='word_1_5' title='bbox 172 143 321 188; x_wconf 66' lang='lat' dir='ltr'>:enufim</span> <span class='ocrx_word' id='word_1_6' title='bbox 337 143 526 194; x_wconf 86' lang='lat' dir='ltr'>adferunt,</span> <span class='ocrx_word' id='word_1_7' title='bbox 556 155 643 192; x_wconf 75' lang='lat' dir='ltr'>cut,</span> <span class='ocrx_word' id='word_1_8' title='bbox 663 141 806 181; x_wconf 69' lang='lat' dir='ltr'>discussa</span> <span class='ocrx_word' id='word_1_9' title='bbox 822 140 976 180; x_wconf 85' lang='lat' dir='ltr'>falfitatis</span> <span class='ocrx_word' id='word_1_10' title='bbox 994 140 1133 193; x_wconf 90' lang='lat' dir='ltr'>specie,</span> <span class='ocrx_word' id='word_1_11' title='bbox 1157 152 1195 181; x_wconf 92' lang='lat' dir='ltr'>et</span> <span class='ocrx_word' id='word_1_12' title='bbox 1218 142 1356 181; x_wconf 58' lang='lat' dir='ltr'>dete&amp;</span> <span class='ocrx_word' id='word_1_13' title='bbox 1373 140 1545 188; x_wconf 75' lang='lat' dir='ltr'>veritate,</span> 
     </span>
     <span class='ocr_line' id='line_1_3' title="bbox 172 197 1544 253; baseline -0.001 -15"><span class='ocrx_word' id='word_1_14' title='bbox 172 199 292 253; x_wconf 85' lang='lat' dir='ltr'>.poffit</span> <span class='ocrx_word' id='word_1_15' title='bbox 309 200 496 240; x_wconf 84' lang='lat' dir='ltr'>exsultare.</span> <span class='ocrx_word' id='word_1_16' title='bbox 518 232 525 236; x_wconf 80' lang='lat'><strong>.</strong></span> <span class='ocrx_word' id='word_1_17' title='bbox 549 201 596 238; x_wconf 89' lang='lat' dir='ltr'>Et</span> <span class='ocrx_word' id='word_1_18' title='bbox 610 199 781 250; x_wconf 81' lang='lat' dir='ltr'>quoniam</span> <span class='ocrx_word' id='word_1_19' title='bbox 803 198 961 249; x_wconf 82' lang='lat' dir='ltr'>gaudent</span> <span class='ocrx_word' id='word_1_20' title='bbox 976 199 1014 236; x_wconf 88' lang='lat' dir='ltr'>in</span> <span class='ocrx_word' id='word_1_21' title='bbox 1027 197 1112 236; x_wconf 85' lang='lat' dir='ltr'>&#39;finu</span> <span class='ocrx_word' id='word_1_22' title='bbox 1130 198 1351 248; x_wconf 11' lang='lat' dir='ltr'>plerumque?</span> <span class='ocrx_word' id='word_1_23' title='bbox 1366 198 1544 242; x_wconf 80' lang='lat' dir='ltr'>homines,</span> 
     </span>
     <span class='ocr_line' id='line_1_4' title="bbox 172 252 1541 308; baseline -0.003 -11"><span class='ocrx_word' id='word_1_24' title='bbox 172 256 335 308; x_wconf 62' lang='lat' dir='ltr'>siquem</span> <span class='ocrx_word' id='word_1_25' title='bbox 358 259 484 297; x_wconf 77' lang='lat' dir='ltr'>eadem</span> <span class='ocrx_word' id='word_1_26' title='bbox 513 256 714 307; x_wconf 89' lang='lat' dir='ltr'>opinione,</span> <span class='ocrx_word' id='word_1_27' title='bbox 755 267 862 306; x_wconf 90' lang='lat' dir='ltr'>quam</span> <span class='ocrx_word' id='word_1_28' title='bbox 886 253 951 305; x_wconf 84' lang='lat' dir='ltr'>ipfi</span> <span class='ocrx_word' id='word_1_29' title='bbox 975 253 1128 297; x_wconf 89' lang='lat' dir='ltr'>fouent,</span> <span class='ocrx_word' id='word_1_30' title='bbox 1165 253 1343 292; x_wconf 87' lang='lat' dir='ltr'>imbutum</span> <span class='ocrx_word' id='word_1_31' title='bbox 1363 252 1541 293; x_wconf 84' lang='lat' dir='ltr'>sentiunt:</span> 
     </span>
     <span class='ocr_line' id='line_1_5' title="bbox 181 308 1538 364; baseline -0.003 -13"><span class='ocrx_word' id='word_1_32' title='bbox 181 323 220 351; x_wconf 91' lang='lat' dir='ltr'>et</span> <span class='ocrx_word' id='word_1_33' title='bbox 237 312 428 352; x_wconf 90' lang='lat' dir='ltr'>sententiae</span> <span class='ocrx_word' id='word_1_34' title='bbox 443 323 625 364; x_wconf 89' lang='lat' dir='ltr'>praeterea</span> <span class='ocrx_word' id='word_1_35' title='bbox 643 312 799 350; x_wconf 81' lang='lat' dir='ltr'>animum</span> <span class='ocrx_word' id='word_1_36' title='bbox 817 310 860 348; x_wconf 90' lang='lat' dir='ltr'>ab</span> <span class='ocrx_word' id='word_1_37' title='bbox 876 309 1045 349; x_wconf 88' lang='lat' dir='ltr'>historiae</span> <span class='ocrx_word' id='word_1_38' title='bbox 1063 310 1366 360; x_wconf 79' lang='lat' dir='ltr'>contemplatione</span> <span class='ocrx_word' id='word_1_39' title='bbox 1380 308 1484 348; x_wconf 89' lang='lat' dir='ltr'>velut</span> <span class='ocrx_word' id='word_1_40' title='bbox 1500 310 1538 348; x_wconf 92' lang='lat' dir='ltr'>in</span> 
     </span>
     <span class='ocr_line' id='line_1_6' title="bbox 180 365 1540 419; baseline -0.002 -11"><span class='ocrx_word' id='word_1_41' title='bbox 180 368 555 410; x_wconf 19' lang='lat' dir='ltr'>amoenumxsecess‘um</span> <span class='ocrx_word' id='word_1_42' title='bbox 569 368 774 412; x_wconf 89' lang='lat' dir='ltr'>deducunt;</span> <span class='ocrx_word' id='word_1_43' title='bbox 802 365 882 405; x_wconf 88' lang='lat' dir='ltr'>sane</span> <span class='ocrx_word' id='word_1_44' title='bbox 897 379 1028 418; x_wconf 87' lang='lat' dir='ltr'>quem,</span> <span class='ocrx_word' id='word_1_45' title='bbox 1054 378 1079 404; x_wconf 79' lang='lat' dir='ltr'>A</span> <span class='ocrx_word' id='word_1_46' title='bbox 1091 378 1115 404; x_wconf 79' lang='lat' dir='ltr'>n</span> <span class='ocrx_word' id='word_1_47' title='bbox 1128 379 1139 404; x_wconf 93' lang='lat'>1</span> <span class='ocrx_word' id='word_1_48' title='bbox 1154 378 1169 403; x_wconf 91' lang='lat' dir='ltr'>s</span> <span class='ocrx_word' id='word_1_49' title='bbox 1180 378 1206 403; x_wconf 76' lang='lat' dir='ltr'>‘r</span> <span class='ocrx_word' id='word_1_50' title='bbox 1220 378 1244 403; x_wconf 94' lang='lat' dir='ltr'>o</span> <span class='ocrx_word' id='word_1_51' title='bbox 1257 378 1283 404; x_wconf 90' lang='grc' dir='ltr'>τ</span> <span class='ocrx_word' id='word_1_52' title='bbox 1295 378 1350 404; x_wconf 77' lang='grc' dir='ltr'>ΕΙ,</span> <span class='ocrx_word' id='word_1_53' title='bbox 1363 379 1385 404; x_wconf 76' lang='grc' dir='ltr'>Ε</span> <span class='ocrx_word' id='word_1_54' title='bbox 1411 366 1465 419; x_wconf 82' lang='lat' dir='ltr'>m)</span> <span class='ocrx_word' id='word_1_55' title='bbox 1484 376 1540 405; x_wconf 82' lang='lat' dir='ltr'>te-</span> 
     </span>
     <span class='ocr_line' id='line_1_7' title="bbox 179 422 1539 475; baseline -0.001 -12"><span class='ocrx_word' id='word_1_56' title='bbox 179 424 250 472; x_wconf 82' lang='lat' dir='ltr'>sse,</span> <span class='ocrx_word' id='word_1_57' title='bbox 279 426 434 469; x_wconf 80' lang='lat' dir='ltr'>orationi</span> <span class='ocrx_word' id='word_1_58' title='bbox 450 423 553 463; x_wconf 89' lang='lat' dir='ltr'>vsum</span> <span class='ocrx_word' id='word_1_59' title='bbox 572 423 764 475; x_wconf 79' lang='lat' dir='ltr'>praestant,</span> <span class='ocrx_word' id='word_1_60' title='bbox 793 423 953 461; x_wconf 83' lang='lat' dir='ltr'>eamdem</span> <span class='ocrx_word' id='word_1_61' title='bbox 969 422 1123 460; x_wconf 91' lang='lat' dir='ltr'>historiis</span> <span class='ocrx_word' id='word_1_62' title='bbox 1140 422 1398 460; x_wconf 87' lang='lat' dir='ltr'>iucunditatem</span> <span class='ocrx_word' id='word_1_63' title='bbox 1413 423 1539 461; x_wconf 87' lang='lat' dir='ltr'>conci-</span> 
     </span>
     <span class='ocr_line' id='line_1_8' title="bbox 179 477 1536 532; baseline -0.002 -15"><span class='ocrx_word' id='word_1_64' title='bbox 179 479 330 517; x_wconf 87' lang='lat' dir='ltr'>liabunt.</span> <span class='ocrx_word' id='word_1_65' title='bbox 385 481 547 532; x_wconf 88' lang='lat' dir='ltr'>Quantus</span> <span class='ocrx_word' id='word_1_66' title='bbox 562 482 601 516; x_wconf 84' lang='lat' dir='ltr'>in</span> <span class='ocrx_word' id='word_1_67' title='bbox 618 478 798 516; x_wconf 79' lang='lat' dir='ltr'>sententiis</span> <span class='ocrx_word' id='word_1_68' title='bbox 811 477 1064 515; x_wconf 85' lang='lat' dir='ltr'>concinnandis</span> <span class='ocrx_word' id='word_1_69' title='bbox 1081 477 1210 514; x_wconf 84' lang='lat' dir='ltr'>artifex</span> <span class='ocrx_word' id='word_1_70' title='bbox 1227 477 1338 515; x_wconf 88' lang='lat' dir='ltr'>fuerit</span> <span class='ocrx_word' id='word_1_71' title='bbox 1358 489 1382 515; x_wconf 88' lang='lat' dir='ltr'><strong>L</strong></span> <span class='ocrx_word' id='word_1_72' title='bbox 1393 490 1405 514; x_wconf 81' lang='grc' dir='ltr'><em>ι</em></span> <span class='ocrx_word' id='word_1_73' title='bbox 1418 491 1440 514; x_wconf 86' lang='grc' dir='ltr'><strong><em>ν</em></strong></span> <span class='ocrx_word' id='word_1_74' title='bbox 1451 491 1463 515; x_wconf 86' lang='lat'>1</span> <span class='ocrx_word' id='word_1_75' title='bbox 1474 491 1536 522; x_wconf 87' lang='lat' dir='ltr'>vs,</span> 
     </span>
     <span class='ocr_line' id='line_1_9' title="bbox 180 531 1538 584; baseline 0 -13"><span class='ocrx_word' id='word_1_76' title='bbox 180 534 294 572; x_wconf 84' lang='lat' dir='ltr'>libelli</span> <span class='ocrx_word' id='word_1_77' title='bbox 312 534 389 572; x_wconf 89' lang='lat' dir='ltr'>satis</span> <span class='ocrx_word' id='word_1_78' title='bbox 406 535 592 579; x_wconf 86' lang='lat' dir='ltr'>testantur,</span> <span class='ocrx_word' id='word_1_79' title='bbox 619 535 657 571; x_wconf 90' lang='lat' dir='ltr'>in</span> <span class='ocrx_word' id='word_1_80' title='bbox 675 533 806 584; x_wconf 89' lang='lat' dir='ltr'>quibus</span> <span class='ocrx_word' id='word_1_81' title='bbox 823 531 962 570; x_wconf 82' lang='lat' dir='ltr'>seorfim</span> <span class='ocrx_word' id='word_1_82' title='bbox 979 532 1151 582; x_wconf 33' lang='lat' dir='ltr'>colledae·</span> <span class='ocrx_word' id='word_1_83' title='bbox 1163 544 1214 574; x_wconf 82' lang='lat' dir='ltr'>ex</span> <span class='ocrx_word' id='word_1_84' title='bbox 1228 544 1275 570; x_wconf 83' lang='lat' dir='ltr'>LI</span> <span class='ocrx_word' id='word_1_85' title='bbox 1287 545 1367 570; x_wconf 76' lang='lat' dir='ltr'>vio</span> <span class='ocrx_word' id='word_1_86' title='bbox 1388 533 1538 584; x_wconf 90' lang='lat' dir='ltr'>prodie-</span> 
     </span>
     <span class='ocr_line' id='line_1_10' title="bbox 179 587 1536 640; baseline 0 -12"><span class='ocrx_word' id='word_1_87' title='bbox 179 600 266 628; x_wconf 83' lang='lat' dir='ltr'>runt</span> <span class='ocrx_word' id='word_1_88' title='bbox 285 588 489 628; x_wconf 88' lang='lat' dir='ltr'>sententiae.</span> <span class='ocrx_word' id='word_1_89' title='bbox 575 591 655 628; x_wconf 90' lang='lat' dir='ltr'>Nec</span> <span class='ocrx_word' id='word_1_90' title='bbox 673 600 791 627; x_wconf 87' lang='lat' dir='ltr'>tamen</span> <span class='ocrx_word' id='word_1_91' title='bbox 814 588 1042 626; x_wconf 79' lang='lat' dir='ltr'>coaceruauit</span> <span class='ocrx_word' id='word_1_92' title='bbox 1067 587 1229 637; x_wconf 70' lang='lat' dir='ltr'>easdem,</span> <span class='ocrx_word' id='word_1_93' title='bbox 1263 589 1404 639; x_wconf 89' lang='lat' dir='ltr'>quippe</span> <span class='ocrx_word' id='word_1_94' title='bbox 1431 589 1536 640; x_wconf 90' lang='lat' dir='ltr'>quod</span> 
     </span>
     <span class='ocr_line' id='line_1_11' title="bbox 179 642 1534 689; baseline -0.001 -6"><span class='ocrx_word' id='word_1_95' title='bbox 179 643 361 686; x_wconf 81' lang='lat' dir='ltr'>fastidium</span> <span class='ocrx_word' id='word_1_96' title='bbox 389 655 426 683; x_wconf 88' lang='lat' dir='ltr'>et</span> <span class='ocrx_word' id='word_1_97' title='bbox 452 655 671 683; x_wconf 82' lang='lat' dir='ltr'>contemtum</span> <span class='ocrx_word' id='word_1_98' title='bbox 697 644 933 689; x_wconf 78' lang='lat' dir='ltr'>excitauisset‚</span> <span class='ocrx_word' id='word_1_99' title='bbox 974 642 1034 681; x_wconf 90' lang='lat' dir='ltr'>sed</span> <span class='ocrx_word' id='word_1_100' title='bbox 1058 644 1099 680; x_wconf 90' lang='lat' dir='ltr'>iis</span> <span class='ocrx_word' id='word_1_101' title='bbox 1127 642 1534 684; x_wconf 72' lang='lat' dir='ltr'>commodiffimo&#39;loco</span> 
     </span>
     <span class='ocr_line' id='line_1_12' title="bbox 177 697 1536 753; baseline 0 -14"><span class='ocrx_word' id='word_1_102' title='bbox 177 700 374 751; x_wconf 73' lang='lat' dir='ltr'>impositis,</span> <span class='ocrx_word' id='word_1_103' title='bbox 401 700 789 753; x_wconf 30' lang='lat' dir='ltr'>tamquamtjluminibus</span> <span class='ocrx_word' id='word_1_104' title='bbox 808 700 1010 739; x_wconf 86' lang='lat' dir='ltr'>orationem</span> <span class='ocrx_word' id='word_1_105' title='bbox 1026 697 1196 740; x_wconf 88' lang='lat' dir='ltr'>distinxit.</span> <span class='ocrx_word' id='word_1_106' title='bbox 1254 700 1420 750; x_wconf 88' lang='lat' dir='ltr'>Inprimis</span> <span class='ocrx_word' id='word_1_107' title='bbox 1444 713 1536 739; x_wconf 89' lang='lat' dir='ltr'>con-</span> 
     </span>
     <span class='ocr_line' id='line_1_13' title="bbox 182 757 1538 807; baseline -0.001 -12"><span class='ocrx_word' id='word_1_108' title='bbox 182 757 585 807; x_wconf 76' lang='lat' dir='ltr'>cionesmagistratuum</span> <span class='ocrx_word' id='word_1_109' title='bbox 603 767 665 794; x_wconf 90' lang='lat' dir='ltr'>aut</span> <span class='ocrx_word' id='word_1_110' title='bbox 679 758 952 806; x_wconf 87' lang='lat' dir='ltr'>imperatorum,</span> <span class='ocrx_word' id='word_1_111' title='bbox 989 768 1008 793; x_wconf 92' lang='lat' dir='ltr'>a</span> <span class='ocrx_word' id='word_1_112' title='bbox 1035 768 1058 793; x_wconf 84' lang='lat' dir='ltr'>r.</span> <span class='ocrx_word' id='word_1_113' title='bbox 1071 768 1175 793; x_wconf 73' lang='lat' dir='ltr'>lvio</span> <span class='ocrx_word' id='word_1_114' title='bbox 1202 766 1385 801; x_wconf 72' lang='lat' dir='ltr'>exaratae,</span> <span class='ocrx_word' id='word_1_115' title='bbox 1409 757 1538 794; x_wconf 78' lang='lat' dir='ltr'>iisdem</span> 
     </span>
     <span class='ocr_line' id='line_1_14' title="bbox 179 810 1536 864; baseline -0.001 -14"><span class='ocrx_word' id='word_1_116' title='bbox 179 810 408 862; x_wconf 89' lang='lat' dir='ltr'>superbiunt,</span> <span class='ocrx_word' id='word_1_117' title='bbox 437 825 551 864; x_wconf 90' lang='lat' dir='ltr'>quum</span> <span class='ocrx_word' id='word_1_118' title='bbox 566 814 743 851; x_wconf 88' lang='lat' dir='ltr'>neminem</span> <span class='ocrx_word' id='word_1_119' title='bbox 759 812 868 862; x_wconf 87' lang='lat' dir='ltr'>magis</span> <span class='ocrx_word' id='word_1_120' title='bbox 878 836 889 855; x_wconf 91' lang='lat'>,</span> <span class='ocrx_word' id='word_1_121' title='bbox 907 823 1015 862; x_wconf 91' lang='lat' dir='ltr'>quam</span> <span class='ocrx_word' id='word_1_122' title='bbox 1032 812 1130 848; x_wconf 91' lang='lat' dir='ltr'>viros</span> <span class='ocrx_word' id='word_1_123' title='bbox 1147 821 1262 850; x_wconf 86' lang='lat' dir='ltr'>aetate</span> <span class='ocrx_word' id='word_1_124' title='bbox 1274 813 1480 861; x_wconf 67' lang='lat' dir='ltr'>proueeios,</span> <span class='ocrx_word' id='word_1_125' title='bbox 1497 813 1536 849; x_wconf 88' lang='lat' dir='ltr'>in</span> 
     </span>
     <span class='ocr_line' id='line_1_15' title="bbox 181 865 1537 917; baseline 0.001 -13"><span class='ocrx_word' id='word_1_126' title='bbox 181 869 387 906; x_wconf 67' lang='lat' dir='ltr'>austoritate</span> <span class='ocrx_word' id='word_1_127' title='bbox 402 868 633 912; x_wconf 88' lang='lat' dir='ltr'>constitutos,</span> <span class='ocrx_word' id='word_1_128' title='bbox 667 878 727 905; x_wconf 89' lang='lat' dir='ltr'>aut</span> <span class='ocrx_word' id='word_1_129' title='bbox 748 868 905 916; x_wconf 86' lang='lat' dir='ltr'>ad-reip.</span> <span class='ocrx_word' id='word_1_130' title='bbox 922 866 1164 917; x_wconf 83' lang='lat' dir='ltr'>gubernacula</span> <span class='ocrx_word' id='word_1_131' title='bbox 1186 865 1345 905; x_wconf 85' lang='lat' dir='ltr'>sedentes</span> <span class='ocrx_word' id='word_1_132' title='bbox 1374 868 1537 906; x_wconf 85' lang='lat' dir='ltr'>deceant.</span> 
     </span>
     <span class='ocr_line' id='line_1_16' title="bbox 181 922 1536 974; baseline 0.001 -15"><span class='ocrx_word' id='word_1_133' title='bbox 181 922 253 959; x_wconf 91' lang='lat' dir='ltr'>Sed</span> <span class='ocrx_word' id='word_1_134' title='bbox 274 926 407 974; x_wconf 73' lang='lat' dir='ltr'>&#39;neque</span> <span class='ocrx_word' id='word_1_135' title='bbox 437 925 553 962; x_wconf 76' lang='lat' dir='ltr'>mInus</span> <span class='ocrx_word' id='word_1_136' title='bbox 588 922 789 961; x_wconf 88' lang='lat' dir='ltr'>historicam</span> <span class='ocrx_word' id='word_1_137' title='bbox 821 922 1057 959; x_wconf 87' lang='lat' dir='ltr'>narrationem</span> <span class='ocrx_word' id='word_1_138' title='bbox 1085 922 1234 967; x_wconf 88' lang='lat' dir='ltr'>decent,</span> <span class='ocrx_word' id='word_1_139' title='bbox 1271 923 1435 972; x_wconf 88' lang='lat' dir='ltr'>inprimis</span> <span class='ocrx_word' id='word_1_140' title='bbox 1459 934 1536 961; x_wconf 90' lang='lat' dir='ltr'>tum</span> 
     </span>
     <span class='ocr_line' id='line_1_17' title="bbox 179 976 1537 1030; baseline 0.001 -16"><span class='ocrx_word' id='word_1_141' title='bbox 179 976 365 1029; x_wconf 87' lang='lat' dir='ltr'>vsurpatae</span> <span class='ocrx_word' id='word_1_142' title='bbox 378 1004 389 1024; x_wconf 89' lang='lat'>‚</span> <span class='ocrx_word' id='word_1_143' title='bbox 409 992 518 1030; x_wconf 89' lang='lat' dir='ltr'>quum</span> <span class='ocrx_word' id='word_1_144' title='bbox 536 977 764 1018; x_wconf 83' lang='lat' dir='ltr'>memorabile</span> <span class='ocrx_word' id='word_1_145' title='bbox 781 978 931 1028; x_wconf 88' lang='lat' dir='ltr'>aliquod</span> <span class='ocrx_word' id='word_1_146' title='bbox 948 976 1087 1015; x_wconf 83' lang='lat' dir='ltr'>facinus</span> <span class='ocrx_word' id='word_1_147' title='bbox 1114 978 1306 1028; x_wconf 86' lang='lat' dir='ltr'>prolixiori</span> <span class='ocrx_word' id='word_1_148' title='bbox 1333 979 1537 1017; x_wconf 87' lang='lat' dir='ltr'>narratione</span> 
     </span>
    </p>
   </div>
   <div class='ocr_carea' id='block_1_3' title="bbox 179 1029 1789 1089">
    <p class='ocr_par' dir='ltr' id='par_1_3' title="bbox 179 1029 1789 1089">
     <span class='ocr_line' id='line_1_18' title="bbox 179 1029 1789 1089; baseline 0 -19"><span class='ocrx_word' id='word_1_149' title='bbox 179 1033 265 1070; x_wconf 73' lang='lat' dir='ltr'>effi-,t</span> <span class='ocrx_word' id='word_1_150' title='bbox 292 1047 500 1079; x_wconf 72' lang='lat' dir='ltr'>enarratum.</span> <span class='ocrx_word' id='word_1_151' title='bbox 584 1034 732 1074; x_wconf 83' lang='lat' dir='ltr'>Offendi</span> <span class='ocrx_word' id='word_1_152' title='bbox 750 1033 930 1074; x_wconf 89' lang='lat' dir='ltr'>eiusmodi</span> <span class='ocrx_word' id='word_1_153' title='bbox 960 1032 1090 1071; x_wconf 64' lang='lat' dir='ltr'>fastum</span> <span class='ocrx_word' id='word_1_154' title='bbox 1114 1034 1151 1071; x_wconf 90' lang='lat' dir='ltr'>in</span> <span class='ocrx_word' id='word_1_155' title='bbox 1181 1046 1227 1071; x_wconf 78' lang='lat' dir='ltr'>LI</span> <span class='ocrx_word' id='word_1_156' title='bbox 1242 1048 1289 1072; x_wconf 75' lang='lat' dir='ltr'>vr</span> <span class='ocrx_word' id='word_1_157' title='bbox 1301 1047 1325 1072; x_wconf 94' lang='lat' dir='ltr'>o</span> <span class='ocrx_word' id='word_1_158' title='bbox 1345 1034 1392 1089; x_wconf 65' lang='grc' dir='ltr'>ρ)</span> <span class='ocrx_word' id='word_1_159' title='bbox 1421 1048 1534 1085; x_wconf 90' lang='lat' dir='ltr'>quum</span> <span class='ocrx_word' id='word_1_160' title='bbox 1553 1029 1579 1076; x_wconf 69' lang='grc' dir='ltr'>ρ)</span> <span class='ocrx_word' id='word_1_161' title='bbox 1592 1032 1628 1068; x_wconf 88' lang='lat' dir='ltr'>L.</span> <span class='ocrx_word' id='word_1_162' title='bbox 1640 1031 1679 1067; x_wconf 90' lang='lat'>11.</span> <span class='ocrx_word' id='word_1_163' title='bbox 1697 1044 1723 1067; x_wconf 82' lang='lat' dir='ltr'>e.</span> <span class='ocrx_word' id='word_1_164' title='bbox 1731 1034 1789 1077; x_wconf 84' lang='lat'>46.</span> 
     </span>
    </p>
   </div>
   <div class='ocr_carea' id='block_1_4' title="bbox 176 1088 1543 2246">
    <p class='ocr_par' dir='ltr' id='par_1_4' title="bbox 176 1088 1538 2140">
     <span class='ocr_line' id='line_1_19' title="bbox 180 1088 1535 1139; baseline 0.003 -14"><span class='ocrx_word' id='word_1_165' title='bbox 180 1089 236 1127; x_wconf 88' lang='lat' dir='ltr'>M.</span> <span class='ocrx_word' id='word_1_166' title='bbox 257 1089 405 1136; x_wconf 87' lang='lat' dir='ltr'>Fabius,</span> <span class='ocrx_word' id='word_1_167' title='bbox 439 1090 579 1139; x_wconf 85' lang='lat' dir='ltr'>proelio</span> <span class='ocrx_word' id='word_1_168' title='bbox 605 1102 687 1128; x_wconf 92' lang='lat' dir='ltr'>cum</span> <span class='ocrx_word' id='word_1_169' title='bbox 709 1088 836 1127; x_wconf 87' lang='lat' dir='ltr'>Tuscis</span> <span class='ocrx_word' id='word_1_170' title='bbox 861 1088 1066 1137; x_wconf 74' lang='lat' dir='ltr'>commisse,</span> <span class='ocrx_word' id='word_1_171' title='bbox 1104 1088 1166 1126; x_wconf 90' lang='lat' dir='ltr'>vbi</span> <span class='ocrx_word' id='word_1_172' title='bbox 1191 1102 1248 1127; x_wconf 92' lang='lat' dir='ltr'>res</span> <span class='ocrx_word' id='word_1_173' title='bbox 1270 1090 1307 1126; x_wconf 90' lang='lat' dir='ltr'>in</span> <span class='ocrx_word' id='word_1_174' title='bbox 1332 1101 1535 1129; x_wconf 83' lang='lat' dir='ltr'>extremum</span> 
     </span>
     <span class='ocr_line' id='line_1_20' title="bbox 178 1142 1537 1193; baseline 0.001 -12"><span class='ocrx_word' id='word_1_175' title='bbox 178 1143 250 1181; x_wconf 87' lang='lat' dir='ltr'>iam</span> <span class='ocrx_word' id='word_1_176' title='bbox 263 1143 341 1182; x_wconf 84' lang='lat' dir='ltr'>fere</span> <span class='ocrx_word' id='word_1_177' title='bbox 355 1143 543 1189; x_wconf 86' lang='lat' dir='ltr'>discrimen</span> <span class='ocrx_word' id='word_1_178' title='bbox 560 1144 707 1182; x_wconf 66' lang='lat' dir='ltr'>adduoa</span> <span class='ocrx_word' id='word_1_179' title='bbox 720 1154 812 1190; x_wconf 87' lang='lat' dir='ltr'>erat,</span> <span class='ocrx_word' id='word_1_180' title='bbox 840 1152 878 1180; x_wconf 90' lang='lat' dir='ltr'>et</span> <span class='ocrx_word' id='word_1_181' title='bbox 897 1144 1051 1180; x_wconf 87' lang='lat' dir='ltr'>Romani</span> <span class='ocrx_word' id='word_1_182' title='bbox 1070 1142 1192 1193; x_wconf 86' lang='lat' dir='ltr'>passim</span> <span class='ocrx_word' id='word_1_183' title='bbox 1209 1144 1279 1183; x_wconf 89' lang='lat' dir='ltr'>iam</span> <span class='ocrx_word' id='word_1_184' title='bbox 1304 1144 1347 1182; x_wconf 92' lang='lat' dir='ltr'>ab</span> <span class='ocrx_word' id='word_1_185' title='bbox 1374 1144 1537 1184; x_wconf 85' lang='lat' dir='ltr'>hostibus</span> 
     </span>
     <span class='ocr_line' id='line_1_21' title="bbox 179 1195 1535 1251; baseline 0.002 -15"><span class='ocrx_word' id='word_1_186' title='bbox 179 1199 438 1248; x_wconf 79' lang='lat' dir='ltr'>caedebantur,</span> <span class='ocrx_word' id='word_1_187' title='bbox 467 1195 647 1250; x_wconf 75' lang='lat' dir='ltr'>proelium</span> <span class='ocrx_word' id='word_1_188' title='bbox 665 1210 781 1237; x_wconf 85' lang='lat' dir='ltr'>tamen</span> <span class='ocrx_word' id='word_1_189' title='bbox 799 1198 859 1237; x_wconf 86' lang='lat' dir='ltr'>sua</span> <span class='ocrx_word' id='word_1_190' title='bbox 872 1200 1007 1236; x_wconf 91' lang='lat' dir='ltr'>virtute</span> <span class='ocrx_word' id='word_1_191' title='bbox 1024 1199 1198 1245; x_wconf 87' lang='lat' dir='ltr'>restituit,</span> <span class='ocrx_word' id='word_1_192' title='bbox 1226 1210 1263 1238; x_wconf 90' lang='lat' dir='ltr'>et</span> <span class='ocrx_word' id='word_1_193' title='bbox 1287 1202 1466 1251; x_wconf 86' lang='lat' dir='ltr'>egregiam</span> <span class='ocrx_word' id='word_1_194' title='bbox 1488 1202 1535 1240; x_wconf 88' lang='lat' dir='ltr'>ab</span> 
     </span>
     <span class='ocr_line' id='line_1_22' title="bbox 177 1253 1538 1305; baseline 0.002 -14"><span class='ocrx_word' id='word_1_195' title='bbox 177 1253 338 1292; x_wconf 89' lang='lat' dir='ltr'>hostibus</span> <span class='ocrx_word' id='word_1_196' title='bbox 353 1256 475 1294; x_wconf 88' lang='lat' dir='ltr'>retulit</span> <span class='ocrx_word' id='word_1_197' title='bbox 491 1256 688 1295; x_wconf 66' lang='lat' dir='ltr'>viaoriam.</span> <span class='ocrx_word' id='word_1_198' title='bbox 774 1255 845 1292; x_wconf 88' lang='lat' dir='ltr'>Sed</span> <span class='ocrx_word' id='word_1_199' title='bbox 864 1254 1048 1291; x_wconf 90' lang='lat' dir='ltr'>decretum</span> <span class='ocrx_word' id='word_1_200' title='bbox 1070 1253 1133 1304; x_wconf 84' lang='lat' dir='ltr'>ipfi</span> <span class='ocrx_word' id='word_1_201' title='bbox 1154 1256 1374 1305; x_wconf 86' lang='lat' dir='ltr'>triumphum</span> <span class='ocrx_word' id='word_1_202' title='bbox 1391 1256 1538 1302; x_wconf 90' lang='lat' dir='ltr'>Consul,</span> 
     </span>
     <span class='ocr_line' id='line_1_23' title="bbox 178 1308 1536 1363; baseline 0.001 -15"><span class='ocrx_word' id='word_1_203' title='bbox 178 1319 258 1348; x_wconf 89' lang='lat' dir='ltr'>tum</span> <span class='ocrx_word' id='word_1_204' title='bbox 274 1311 393 1356; x_wconf 84' lang='lat' dir='ltr'>amisso</span> <span class='ocrx_word' id='word_1_205' title='bbox 412 1311 573 1362; x_wconf 85' lang='lat' dir='ltr'>collega,</span> <span class='ocrx_word' id='word_1_206' title='bbox 599 1322 676 1350; x_wconf 88' lang='lat' dir='ltr'>tum</span> <span class='ocrx_word' id='word_1_207' title='bbox 692 1309 809 1348; x_wconf 83' lang='lat' dir='ltr'>fratris</span> <span class='ocrx_word' id='word_1_208' title='bbox 831 1308 883 1348; x_wconf 88' lang='lat' dir='ltr'>sui</span> <span class='ocrx_word' id='word_1_209' title='bbox 905 1309 1036 1348; x_wconf 91' lang='lat' dir='ltr'>funere</span> <span class='ocrx_word' id='word_1_210' title='bbox 1058 1309 1257 1360; x_wconf 87' lang='lat' dir='ltr'>perculsus,</span> <span class='ocrx_word' id='word_1_211' title='bbox 1286 1311 1436 1361; x_wconf 90' lang='lat' dir='ltr'>publico</span> <span class='ocrx_word' id='word_1_212' title='bbox 1461 1313 1536 1363; x_wconf 87' lang='lat' dir='ltr'>pri-</span> 
     </span>
     <span class='ocr_line' id='line_1_24' title="bbox 179 1366 1535 1419; baseline 0.002 -16"><span class='ocrx_word' id='word_1_213' title='bbox 179 1377 340 1415; x_wconf 87' lang='lat' dir='ltr'>uatoque</span> <span class='ocrx_word' id='word_1_214' title='bbox 356 1366 451 1405; x_wconf 71' lang='lat' dir='ltr'>lustu</span> <span class='ocrx_word' id='word_1_215' title='bbox 467 1367 663 1418; x_wconf 85' lang='lat' dir='ltr'>deformis,</span> <span class='ocrx_word' id='word_1_216' title='bbox 687 1367 897 1416; x_wconf 86' lang='lat' dir='ltr'>deprecatus</span> <span class='ocrx_word' id='word_1_217' title='bbox 916 1366 987 1411; x_wconf 87' lang='lat' dir='ltr'>est,</span> <span class='ocrx_word' id='word_1_218' title='bbox 1016 1379 1061 1404; x_wconf 93' lang='lat' dir='ltr'>eo</span> <span class='ocrx_word' id='word_1_219' title='bbox 1084 1367 1210 1404; x_wconf 90' lang='lat' dir='ltr'>maiori</span> <span class='ocrx_word' id='word_1_220' title='bbox 1237 1367 1433 1413; x_wconf 87' lang='lat' dir='ltr'>miraculo,</span> <span class='ocrx_word' id='word_1_221' title='bbox 1456 1381 1535 1419; x_wconf 92' lang='lat' dir='ltr'>quo</span> 
     </span>
     <span class='ocr_line' id='line_1_25' title="bbox 180 1421 1538 1474; baseline 0.004 -17"><span class='ocrx_word' id='word_1_222' title='bbox 180 1421 311 1458; x_wconf 88' lang='lat' dir='ltr'>maiori</span> <span class='ocrx_word' id='word_1_223' title='bbox 330 1423 565 1460; x_wconf 91' lang='lat' dir='ltr'>contentione</span> <span class='ocrx_word' id='word_1_224' title='bbox 586 1421 685 1459; x_wconf 88' lang='lat' dir='ltr'>istam</span> <span class='ocrx_word' id='word_1_225' title='bbox 707 1421 861 1459; x_wconf 86' lang='lat' dir='ltr'>lauream</span> <span class='ocrx_word' id='word_1_226' title='bbox 887 1421 946 1458; x_wconf 87' lang='lat' dir='ltr'>alii</span> <span class='ocrx_word' id='word_1_227' title='bbox 974 1433 1242 1471; x_wconf 85' lang='lat' dir='ltr'>expugnauere.</span> <span class='ocrx_word' id='word_1_228' title='bbox 1325 1424 1396 1461; x_wconf 89' lang='lat' dir='ltr'>Sed</span> <span class='ocrx_word' id='word_1_229' title='bbox 1421 1436 1538 1474; x_wconf 84' lang='lat' dir='ltr'>quum</span> 
     </span>
     <span class='ocr_line' id='line_1_26' title="bbox 181 1475 1538 1522; baseline 0.004 -10"><span class='ocrx_word' id='word_1_230' title='bbox 181 1475 274 1513; x_wconf 89' lang='lat' dir='ltr'>illud</span> <span class='ocrx_word' id='word_1_231' title='bbox 300 1478 571 1515; x_wconf 76' lang='lat' dir='ltr'>venerationem</span> <span class='ocrx_word' id='word_1_232' title='bbox 597 1487 632 1515; x_wconf 91' lang='lat' dir='ltr'>et</span> <span class='ocrx_word' id='word_1_233' title='bbox 656 1477 836 1514; x_wconf 91' lang='lat' dir='ltr'>honorem</span> <span class='ocrx_word' id='word_1_234' title='bbox 868 1475 967 1514; x_wconf 87' lang='lat' dir='ltr'>Fabii</span> <span class='ocrx_word' id='word_1_235' title='bbox 989 1478 1156 1522; x_wconf 87' lang='lat' dir='ltr'>auxerit,</span> <span class='ocrx_word' id='word_1_236' title='bbox 1197 1490 1362 1516; x_wconf 77' lang='lat' dir='ltr'>Livrvs</span> <span class='ocrx_word' id='word_1_237' title='bbox 1396 1489 1538 1517; x_wconf 85' lang='lat' dir='ltr'>acutam</span> 
     </span>
     <span class='ocr_line' id='line_1_27' title="bbox 179 1529 1538 1581; baseline 0.004 -14"><span class='ocrx_word' id='word_1_238' title='bbox 179 1529 553 1575; x_wconf 76' lang='lat' dir='ltr'>subiecitfiententiam</span> <span class='ocrx_word' id='word_1_239' title='bbox 564 1557 578 1575; x_wconf 92' lang='lat'>,</span> <span class='ocrx_word' id='word_1_240' title='bbox 609 1531 745 1579; x_wconf 68' lang='lat' dir='ltr'>(Gloria</span> <span class='ocrx_word' id='word_1_241' title='bbox 768 1531 807 1568; x_wconf 82' lang='lat' dir='ltr'>in</span> <span class='ocrx_word' id='word_1_242' title='bbox 833 1541 981 1577; x_wconf 85' lang='lat' dir='ltr'>tempore</span> <span class='ocrx_word' id='word_1_243' title='bbox 991 1531 1115 1581; x_wconf 80' lang='lat' dir='ltr'>spreta</span> <span class='ocrx_word' id='word_1_244' title='bbox 1144 1532 1318 1572; x_wconf 77' lang='lat' dir='ltr'>interdum</span> <span class='ocrx_word' id='word_1_245' title='bbox 1337 1535 1538 1572; x_wconf 81' lang='lat' dir='ltr'>cumulatior</span> 
     </span>
     <span class='ocr_line' id='line_1_28' title="bbox 178 1583 1535 1640; baseline 0.002 -16"><span class='ocrx_word' id='word_1_246' title='bbox 178 1583 325 1637; x_wconf 78' lang='lat' dir='ltr'>redit,)-</span> <span class='ocrx_word' id='word_1_247' title='bbox 348 1598 395 1624; x_wconf 89' lang='lat' dir='ltr'>eo</span> <span class='ocrx_word' id='word_1_248' title='bbox 412 1587 684 1631; x_wconf 87' lang='lat' dir='ltr'>iucundiorem,</span> <span class='ocrx_word' id='word_1_249' title='bbox 710 1585 771 1623; x_wconf 86' lang='lat' dir='ltr'>ista</span> <span class='ocrx_word' id='word_1_250' title='bbox 789 1585 961 1633; x_wconf 79' lang='lat' dir='ltr'>clausula,</span> <span class='ocrx_word' id='word_1_251' title='bbox 985 1585 1141 1624; x_wconf 88' lang='lat' dir='ltr'>efficiens</span> <span class='ocrx_word' id='word_1_252' title='bbox 1167 1590 1426 1635; x_wconf 84' lang='lat' dir='ltr'>narrationem,</span> <span class='ocrx_word' id='word_1_253' title='bbox 1457 1601 1535 1640; x_wconf 92' lang='lat' dir='ltr'>quo</span> 
     </span>
     <span class='ocr_line' id='line_1_29' title="bbox 176 1641 1535 1694; baseline 0.001 -15"><span class='ocrx_word' id='word_1_254' title='bbox 176 1642 291 1679; x_wconf 85' lang='lat' dir='ltr'>maius</span> <span class='ocrx_word' id='word_1_255' title='bbox 303 1642 344 1682; x_wconf 77' lang='lat' dir='ltr'>jn</span> <span class='ocrx_word' id='word_1_256' title='bbox 360 1642 487 1680; x_wconf 80' lang='lat' dir='ltr'>eadem</span> <span class='ocrx_word' id='word_1_257' title='bbox 503 1641 674 1680; x_wconf 88' lang='lat' dir='ltr'>sententia</span> <span class='ocrx_word' id='word_1_258' title='bbox 702 1642 788 1679; x_wconf 88' lang='lat' dir='ltr'>latet</span> <span class='ocrx_word' id='word_1_259' title='bbox 814 1654 982 1687; x_wconf 89' lang='lat' dir='ltr'>acumen,</span> <span class='ocrx_word' id='word_1_260' title='bbox 1021 1643 1088 1680; x_wconf 88' lang='lat' dir='ltr'>alia</span> <span class='ocrx_word' id='word_1_261' title='bbox 1117 1656 1289 1694; x_wconf 89' lang='lat' dir='ltr'>quoque,</span> <span class='ocrx_word' id='word_1_262' title='bbox 1323 1657 1391 1682; x_wconf 92' lang='lat' dir='ltr'>nec</span> <span class='ocrx_word' id='word_1_263' title='bbox 1417 1646 1535 1683; x_wconf 89' lang='lat' dir='ltr'>minus</span> 
     </span>
     <span class='ocr_line' id='line_1_30' title="bbox 178 1696 1536 1750; baseline 0.003 -17"><span class='ocrx_word' id='word_1_264' title='bbox 178 1706 300 1745; x_wconf 84' lang='lat' dir='ltr'>arguta</span> <span class='ocrx_word' id='word_1_265' title='bbox 317 1696 475 1734; x_wconf 72' lang='lat' dir='ltr'>diffioue</span> <span class='ocrx_word' id='word_1_266' title='bbox 499 1697 701 1747; x_wconf 82' lang='lat' dir='ltr'>praemissa:</span> <span class='ocrx_word' id='word_1_267' title='bbox 753 1697 845 1734; x_wconf 84' lang='lat' dir='ltr'>omni</span> <span class='ocrx_word' id='word_1_268' title='bbox 873 1698 945 1734; x_wconf 61' lang='lat' dir='ltr'>aaa</span> <span class='ocrx_word' id='word_1_269' title='bbox 969 1698 1137 1744; x_wconf 81' lang='lat' dir='ltr'>triumpho</span> <span class='ocrx_word' id='word_1_270' title='bbox 1156 1699 1346 1746; x_wconf 80' lang='lat' dir='ltr'>triumphus</span> <span class='ocrx_word' id='word_1_271' title='bbox 1369 1699 1536 1750; x_wconf 83' lang='lat' dir='ltr'>depofitus</span> 
     </span>
     <span class='ocr_line' id='line_1_31' title="bbox 179 1746 1537 1806; baseline 0.004 -18"><span class='ocrx_word' id='word_1_272' title='bbox 179 1749 306 1789; x_wconf 84' lang='lat' dir='ltr'>clarior</span> <span class='ocrx_word' id='word_1_273' title='bbox 320 1746 404 1800; x_wconf 66' lang='grc' dir='ltr'>βόε.</span> <span class='ocrx_word' id='word_1_274' title='bbox 483 1752 572 1791; x_wconf 86' lang='lat' dir='ltr'>Alio</span> <span class='ocrx_word' id='word_1_275' title='bbox 589 1752 673 1790; x_wconf 91' lang='lat' dir='ltr'>loco</span> <span class='ocrx_word' id='word_1_276' title='bbox 701 1752 751 1806; x_wconf 83' lang='grc' dir='ltr'>σ)</span> <span class='ocrx_word' id='word_1_277' title='bbox 777 1764 852 1790; x_wconf 89' lang='lat' dir='ltr'>non</span> <span class='ocrx_word' id='word_1_278' title='bbox 871 1752 988 1789; x_wconf 89' lang='lat' dir='ltr'>minus</span> <span class='ocrx_word' id='word_1_279' title='bbox 1005 1752 1147 1803; x_wconf 86' lang='lat' dir='ltr'>elegans</span> <span class='ocrx_word' id='word_1_280' title='bbox 1161 1752 1330 1792; x_wconf 89' lang='lat' dir='ltr'>sententia</span> <span class='ocrx_word' id='word_1_281' title='bbox 1348 1755 1445 1793; x_wconf 87' lang='lat' dir='ltr'>aliud</span> <span class='ocrx_word' id='word_1_282' title='bbox 1462 1767 1537 1794; x_wconf 91' lang='lat' dir='ltr'>me-</span> 
     </span>
     <span class='ocr_line' id='line_1_32' title="bbox 178 1807 1536 1861; baseline 0.003 -16"><span class='ocrx_word' id='word_1_283' title='bbox 178 1807 352 1846; x_wconf 83' lang='lat' dir='ltr'>morabile</span> <span class='ocrx_word' id='word_1_284' title='bbox 371 1807 500 1846; x_wconf 63' lang='lat' dir='ltr'>factum</span> <span class='ocrx_word' id='word_1_285' title='bbox 518 1808 690 1847; x_wconf 88' lang='lat' dir='ltr'>distinxit.</span> <span class='ocrx_word' id='word_1_286' title='bbox 772 1808 826 1846; x_wconf 90' lang='lat' dir='ltr'>Ibi</span> <span class='ocrx_word' id='word_1_287' title='bbox 854 1808 951 1846; x_wconf 89' lang='lat' dir='ltr'>enim</span> <span class='ocrx_word' id='word_1_288' title='bbox 976 1809 1263 1860; x_wconf 86' lang='lat' dir='ltr'>indignationem</span> <span class='ocrx_word' id='word_1_289' title='bbox 1294 1812 1447 1861; x_wconf 84' lang='lat' dir='ltr'>exponit</span> <span class='ocrx_word' id='word_1_290' title='bbox 1472 1824 1536 1849; x_wconf 76' lang='lat' dir='ltr'>Lt-</span> 
     </span>
     <span class='ocr_line' id='line_1_33' title="bbox 179 1863 1534 1916; baseline 0.004 -16"><span class='ocrx_word' id='word_1_291' title='bbox 179 1875 306 1908; x_wconf 72' lang='lat' dir='ltr'>wvs,</span> <span class='ocrx_word' id='word_1_292' title='bbox 327 1876 436 1913; x_wconf 88' lang='lat' dir='ltr'>quam</span> <span class='ocrx_word' id='word_1_293' title='bbox 449 1864 571 1901; x_wconf 88' lang='lat' dir='ltr'>Tullia</span> <span class='ocrx_word' id='word_1_294' title='bbox 586 1863 721 1902; x_wconf 89' lang='lat' dir='ltr'>ferocis</span> <span class='ocrx_word' id='word_1_295' title='bbox 738 1875 775 1902; x_wconf 91' lang='lat' dir='ltr'>et</span> <span class='ocrx_word' id='word_1_296' title='bbox 790 1865 945 1914; x_wconf 90' lang='lat' dir='ltr'>inquieti</span> <span class='ocrx_word' id='word_1_297' title='bbox 961 1865 1068 1902; x_wconf 87' lang='lat' dir='ltr'>animi</span> <span class='ocrx_word' id='word_1_298' title='bbox 1089 1865 1245 1914; x_wconf 90' lang='lat' dir='ltr'>femina,</span> <span class='ocrx_word' id='word_1_299' title='bbox 1281 1876 1390 1916; x_wconf 85' lang='lat' dir='ltr'>nupta</span> <span class='ocrx_word' id='word_1_300' title='bbox 1415 1877 1534 1905; x_wconf 88' lang='lat' dir='ltr'>tamen</span> 
     </span>
     <span class='ocr_line' id='line_1_34' title="bbox 178 1917 1535 1972; baseline 0.002 -15"><span class='ocrx_word' id='word_1_301' title='bbox 178 1919 314 1957; x_wconf 91' lang='lat' dir='ltr'>Arunti</span> <span class='ocrx_word' id='word_1_302' title='bbox 333 1917 555 1970; x_wconf 87' lang='lat' dir='ltr'>Tarquinio,</span> <span class='ocrx_word' id='word_1_303' title='bbox 587 1920 682 1956; x_wconf 90' lang='lat' dir='ltr'>mitis</span> <span class='ocrx_word' id='word_1_304' title='bbox 703 1920 837 1970; x_wconf 89' lang='lat' dir='ltr'>ingenii</span> <span class='ocrx_word' id='word_1_305' title='bbox 860 1920 938 1957; x_wconf 90' lang='lat' dir='ltr'>vito</span> <span class='ocrx_word' id='word_1_306' title='bbox 957 1930 1122 1970; x_wconf 81' lang='lat' dir='ltr'>ceperat,</span> <span class='ocrx_word' id='word_1_307' title='bbox 1152 1922 1255 1972; x_wconf 93' lang='lat' dir='ltr'>quod</span> <span class='ocrx_word' id='word_1_308' title='bbox 1272 1922 1398 1972; x_wconf 87' lang='lat' dir='ltr'>impari</span> <span class='ocrx_word' id='word_1_309' title='bbox 1419 1923 1535 1960; x_wconf 65' lang='lat' dir='ltr'>iunth</span> 
     </span>
     <span class='ocr_line' id='line_1_35' title="bbox 177 1974 1537 2027; baseline 0.004 -17"><span class='ocrx_word' id='word_1_310' title='bbox 177 1974 323 2018; x_wconf 90' lang='lat' dir='ltr'>iuueni,</span> <span class='ocrx_word' id='word_1_311' title='bbox 354 1988 543 2014; x_wconf 88' lang='lat' dir='ltr'>romanum</span> <span class='ocrx_word' id='word_1_312' title='bbox 561 1976 751 2024; x_wconf 90' lang='lat' dir='ltr'>imperium</span> <span class='ocrx_word' id='word_1_313' title='bbox 769 1977 806 2012; x_wconf 89' lang='lat' dir='ltr'>in</span> <span class='ocrx_word' id='word_1_314' title='bbox 825 1975 946 2013; x_wconf 88' lang='lat' dir='ltr'>alienis</span> <span class='ocrx_word' id='word_1_315' title='bbox 972 1976 1133 2014; x_wconf 90' lang='lat' dir='ltr'>manibus</span> <span class='ocrx_word' id='word_1_316' title='bbox 1157 1977 1390 2027; x_wconf 86' lang='lat' dir='ltr'>conspiceret.</span> <span class='ocrx_word' id='word_1_317' title='bbox 1450 1980 1537 2016; x_wconf 91' lang='lat' dir='ltr'>Sce-</span> 
     </span>
     <span class='ocr_line' id='line_1_36' title="bbox 179 2029 1537 2083; baseline 0.004 -17"><span class='ocrx_word' id='word_1_318' title='bbox 179 2029 257 2073; x_wconf 84' lang='lat' dir='ltr'>lus,</span> <span class='ocrx_word' id='word_1_319' title='bbox 285 2041 361 2079; x_wconf 91' lang='lat' dir='ltr'>quo</span> <span class='ocrx_word' id='word_1_320' title='bbox 378 2029 654 2082; x_wconf 82' lang='lat' dir='ltr'>seinquinauit,</span> <span class='ocrx_word' id='word_1_321' title='bbox 678 2030 842 2076; x_wconf 91' lang='lat' dir='ltr'>fraudes,</span> <span class='ocrx_word' id='word_1_322' title='bbox 869 2031 999 2081; x_wconf 89' lang='lat' dir='ltr'>quibus</span> <span class='ocrx_word' id='word_1_323' title='bbox 1022 2032 1142 2070; x_wconf 88' lang='lat' dir='ltr'>virum</span> <span class='ocrx_word' id='word_1_324' title='bbox 1167 2032 1398 2083; x_wconf 85' lang='lat' dir='ltr'>sororemque</span> <span class='ocrx_word' id='word_1_325' title='bbox 1428 2034 1537 2071; x_wconf 85' lang='lat' dir='ltr'>indu·</span> 
     </span>
     <span class='ocr_line' id='line_1_37' title="bbox 179 2085 1538 2140; baseline 0.001 -16"><span class='ocrx_word' id='word_1_326' title='bbox 179 2085 253 2131; x_wconf 87' lang='lat' dir='ltr'>xit,</span> <span class='ocrx_word' id='word_1_327' title='bbox 282 2095 320 2123; x_wconf 87' lang='lat' dir='ltr'>et</span> <span class='ocrx_word' id='word_1_328' title='bbox 335 2085 514 2135; x_wconf 88' lang='lat' dir='ltr'>cuniculi,</span> <span class='ocrx_word' id='word_1_329' title='bbox 540 2099 607 2137; x_wconf 90' lang='lat' dir='ltr'>per</span> <span class='ocrx_word' id='word_1_330' title='bbox 628 2099 720 2136; x_wconf 90' lang='lat' dir='ltr'>quos</span> <span class='ocrx_word' id='word_1_331' title='bbox 740 2087 785 2125; x_wconf 87' lang='lat' dir='ltr'>ad</span> <span class='ocrx_word' id='word_1_332' title='bbox 802 2087 994 2136; x_wconf 80' lang='lat' dir='ltr'>imperium</span> <span class='ocrx_word' id='word_1_333' title='bbox 1011 2088 1184 2133; x_wconf 86' lang='lat' dir='ltr'>tetendit,</span> <span class='ocrx_word' id='word_1_334' title='bbox 1220 2088 1365 2140; x_wconf 82' lang='lat' dir='ltr'>dignam</span> <span class='ocrx_word' id='word_1_335' title='bbox 1388 2088 1538 2140; x_wconf 86' lang='lat' dir='ltr'>praebe-</span> 
     </span>
    </p>

    <p class='ocr_par' dir='ltr' id='par_1_5' title="bbox 659 2143 1543 2190">
     <span class='ocr_line' id='line_1_38' title="bbox 659 2143 1543 2190; baseline 0.002 -11"><span class='ocrx_word' id='word_1_336' title='bbox 659 2184 669 2190; x_wconf 28' lang='lat'><em>*</em></span> <span class='ocrx_word' id='word_1_337' title='bbox 857 2143 888 2179; x_wconf 88' lang='lat' dir='ltr'>C</span> <span class='ocrx_word' id='word_1_338' title='bbox 925 2155 945 2180; x_wconf 90' lang='lat'>2</span> <span class='ocrx_word' id='word_1_339' title='bbox 1044 2168 1049 2173; x_wconf 90' lang='lat'><em>-</em></span> <span class='ocrx_word' id='word_1_340' title='bbox 1455 2144 1543 2181; x_wconf 84' lang='lat' dir='ltr'>bant</span> 
     </span>
    </p>

    <p class='ocr_par' dir='ltr' id='par_1_6' title="bbox 228 2195 1151 2246">
     <span class='ocr_line' id='line_1_39' title="bbox 228 2195 1151 2246; baseline 0.003 -13"><span class='ocrx_word' id='word_1_341' title='bbox 228 2195 288 2241; x_wconf 87' lang='lat' dir='ltr'>m)</span> <span class='ocrx_word' id='word_1_342' title='bbox 309 2207 338 2235; x_wconf 81' lang='lat' dir='ltr'>A</span> <span class='ocrx_word' id='word_1_343' title='bbox 350 2206 394 2235; x_wconf 63' lang='grc' dir='ltr'>ιιι</span> <span class='ocrx_word' id='word_1_344' title='bbox 408 2207 425 2237; x_wconf 88' lang='lat' dir='ltr'>s</span> <span class='ocrx_word' id='word_1_345' title='bbox 442 2209 469 2237; x_wconf 76' lang='grc' dir='ltr'><strong><em>τ</em></strong></span> <span class='ocrx_word' id='word_1_346' title='bbox 482 2208 507 2236; x_wconf 91' lang='grc' dir='ltr'>ο</span> <span class='ocrx_word' id='word_1_347' title='bbox 521 2209 548 2237; x_wconf 75' lang='grc' dir='ltr'>τ</span> <span class='ocrx_word' id='word_1_348' title='bbox 563 2210 585 2237; x_wconf 73' lang='grc' dir='ltr'><strong>ε</strong></span> <span class='ocrx_word' id='word_1_349' title='bbox 600 2210 621 2236; x_wconf 83' lang='lat'>1.</span> <span class='ocrx_word' id='word_1_350' title='bbox 635 2209 657 2237; x_wconf 73' lang='grc' dir='ltr'>ε</span> <span class='ocrx_word' id='word_1_351' title='bbox 670 2209 687 2236; x_wconf 85' lang='lat' dir='ltr'>s</span> <span class='ocrx_word' id='word_1_352' title='bbox 706 2204 840 2246; x_wconf 54' lang='grc' dir='ltr'>ῥητορικῶν</span> <span class='ocrx_word' id='word_1_353' title='bbox 884 2200 941 2235; x_wconf 76' lang='lat' dir='ltr'>lib.</span> <span class='ocrx_word' id='word_1_354' title='bbox 957 2201 996 2236; x_wconf 88' lang='lat'>11.</span> <span class='ocrx_word' id='word_1_355' title='bbox 1011 2212 1078 2246; x_wconf 85' lang='lat' dir='ltr'>cap.</span> <span class='ocrx_word' id='word_1_356' title='bbox 1094 2210 1151 2237; x_wconf 90' lang='lat'>21.</span> 
     </span>
    </p>
   </div>
   <div class='ocr_carea' id='block_1_5' title="bbox 1556 1750 1795 1797">
    <p class='ocr_par' dir='ltr' id='par_1_7' title="bbox 1556 1750 1795 1797">
     <span class='ocr_line' id='line_1_40' title="bbox 1556 1750 1795 1797; baseline 0.013 -12"><span class='ocrx_word' id='word_1_357' title='bbox 1556 1750 1588 1796; x_wconf 79' lang='grc' dir='ltr'>σ)</span> <span class='ocrx_word' id='word_1_358' title='bbox 1604 1751 1675 1787; x_wconf 65' lang='lat' dir='ltr'>LI,</span> <span class='ocrx_word' id='word_1_359' title='bbox 1694 1762 1723 1787; x_wconf 81' lang='lat' dir='ltr'>c.</span> <span class='ocrx_word' id='word_1_360' title='bbox 1736 1755 1795 1797; x_wconf 87' lang='lat'>46.</span> 
     </span>
    </p>
   </div>
  </div>
 </body>
</html>
