1919 2326
323 61 379 104 26
518 65 888 98 »azaer-231¹.
943 65 1102 94 mvn
1159 66 1496 100 vanavana.

326 148 552 189 conueniens
563 144 806 186 concinnitas.
860 146 1045 185 Numerus
1057 154 1238 196 praeterea
1258 148 1451 192 oratorius,
1462 148 1532 199 qui
1550 160 1598 189 ex
1618 147 1701 189 ido-

327 217 395 244 nea
410 218 477 255 per
496 207 645 241 omnem
663 201 833 241 ambitum
851 202 1038 252 longarum
1050 202 1290 251 breuiumque
1307 201 1513 249 syllabarum
1529 204 1708 243 vicissitu-

326 261 416 298 dine
438 258 591 297 nascitur
609 286 619 303 ,
667 258 916 308 maximopere
942 266 1047 295 ornat
1073 256 1258 295 historiam
1292 264 1466 309 aeque'ac
1485 260 1709 300 orationem.

328 318 556 370 Quamquam
570 326 689 353 autem
706 313 877 352 vitiosum
898 313 939 351 fit
956 314 1001 351 ad
1020 313 1184 351 carminis
1202 313 1298 363 leges
1321 314 1522 352 orationem
1556 314 1723 355 solutam.

328 372 560 420 adstringere,
578 381 616 406 et
632 370 841 418 inopinatos
859 368 1049 406 effundere
1074 367 1216 411 versus;
1250 368 1440 418 quamdam
1464 378 1583 407 tamen
1615 370 1711 409 inter

327 427 510 466 uallorum
526 425 721 478 longorum
734 423 981 476 breuiumque
997 423 1219 469 varietatem,
1228 433 1529 468 etnumerorum.
1547 426 1710 465 orationi

331 484 472 523 solutae
489 481 760 531 apfiffimorum,
781 482 950 518 ordinem
965 479 1121 519 ostendit
1147 492 1169 517 c
1183 493 1194 516 1
1208 493 1230 517 c
1242 491 1296 518 ειι
1308 471 1386 530 ob)
1401 494 1511 530 quem
1525 480 1597 518 fine
1609 481 1710 519 adse-
1730 511 1733 515 .

332 539 496 577 &ationis
513 546 611 574 metu
630 536 759 574 imitari
777 537 987 586 poterimus·
1048 535 1162 573 Muloe
1193 547 1345 585 quoque
1381 549 1441 583 oy
1452 549 1464 573 1
1475 549 1504 574 N
1514 549 1536 574 c
1546 549 1592 574 τι
1605 548 1626 573 1.
1639 550 1651 574 ι
1666 550 1709 575 A-

332 607 427 635 nvs
446 592 487 644 c)
521 593 691 634 tradidit,
727 591 772 629 ad
814 592 913 629 idem
947 590 1146 629 institutum
1176 589 1342 627 facientia
1356 618 1366 635 ,
1389 590 1448 628 sed
1468 593 1544 640 >qui
1562 591 1710 642 vestigia

335 663 359 689 c
370 664 382 688 1
395 663 417 688 c
431 663 452 688 E
464 662 488 687 R
498 662 522 687 o
533 661 563 687 Ν
574 662 584 686 ι
595 661 610 685 s
637 660 818 698 premens,
837 647 1025 697 pleraque,
1044 646 1098 683 vti
1115 656 1152 682 et
1170 644 1245 694 ipse
1263 644 1405 689 fatetur,
1423 645 1468 682 ab
1484 646 1548 683 illo
1565 647 1617 683 est
1629 659 1710 685 mu-

333 716 468 745 tuatus,
527 703 645 743 Nobis
663 703 789 741 licebit
805 713 987 747 tantorum
1003 703 1165 740 virorum
1184 699 1340 750 vestigiis
1356 699 1523 748 infistere,
1530 712 1583 750 vt,
1596 696 1710 752 quan-

333 772 416 800 tum
437 758 769 809 Livivsslegibus
798 757 870 795 istis
889 754 1073 808 paruerit,
1097 755 1284 793 ostendere
1307 754 1487 805 poffimus.
1526 758 1711 807 *Requirit
1760 795 1763 797 ,

333 828 453 855 autem
473 829 495 853 c
508 829 520 852 ι
531 828 553 853 c
565 827 587 852 ε
596 827 621 852 a
632 826 656 851 0
675 805 719 860 d)
733 813 776 850 ad
793 813 997 851 oratorium
1010 817 1213 855 numerum,
1226 821 1304 849 tum
1319 811 1455 860 pedum
1470 812 1712 861 quommdam

335 870 611 916 dimensionem,
626 880 703 908 tum
721 879 838 919 aptam
860 868 1020 919 ipsorum
1045 866 1289 904 membrorum
1314 865 1580 917 incisorumque
1595 867 1711 905 collo-

336 924 532 967 cationem.
564 926 726 963 lamburn
743 924 907 975 inprimis
921 924 958 960 in
975 922 1122 961 demisso
1134 933 1243 972 atque
1259 921 1386 961 humili
1401 921 1581 960 sermone:
1604 925 1714 961 Paeo,-

339 997 386 1023 na
405 985 442 1021 in
461 981 716 1032 amplioribus:
743 979 931 1027 DaCiylum
953 980 990 1016 in
1010 989 1171 1028 vtroque
1189 978 1425 1022 commendat,
1433 977 1573 1028 semper
1591 988 1709 1017 tamen

339 1041 437 1079 inter
452 1038 489 1088 se
506 1036 702 1076 miscendos
719 1046 756 1074 et
771 1034 1036 1085 temperandos.
1091 1034 1285 1083 Praecipue
1292 1034 1509 1081 doehimumg
1520 1037 1714 1084 equinque

337 1095 529 1143 syllabis-si,
547 1116 565 1123 -
584 1115 600 1123 -
622 1116 645 1131 υ
661 1115 678 1122 ·
700 1091 923 1130 constantem
944 1090 1074 1136 laudat,
1091 1089 1225 1139 quouis
1241 1089 1326 1126 loco
1345 1090 1488 1139 aptum,
1512 1081 1715 1127 dummodo

336 1150 451 1190 semel
465 1160 631 1200 ponatur,
651 1161 710 1192 ne,
727 1147 751 1184 si
770 1143 909 1197 saepius
927 1147 1088 1190 iteretur,
1102 1143 1295 1181 satietatem
1313 1154 1351 1181 et
1369 1144 1550 1182 fastidium
1566 1143 1715 1184 adferat.

338 1207 509 1245 'Maxime
529 1217 632 1248 vero,
649 1205 822 1254 quoniam
839 1214 940 1239 aures
956 1211 1155 1244 extremum
1171 1198 1386 1248 exspectare,
1403 1200 1441 1236 in
1461 1212 1583 1250 eoque
1593 1194 1716 1249 vrplu-

347 1263 480 1301 rimu'm
500 1258 728 1311 acquiescere
749 1257 896 1302 soleant,
913 1254 1098 1294 numerose
1118 1255 1248 1293 cadere
1268 1255 1522 1306 terminarique
1543 1267 1718 1306 oportere

347 1318 574 1363 sententiam,
596 1329 619 1354 c
630 1329 641 1353 1
654 1328 708 1353 ct
719 1327 744 1353 R
756 1327 780 1352 o
800 1313 954 1352 testatur.
993 1313 1141 1362 Optime
1161 1312 1485 1361 igitur‘orationem
1502 1311 1621 1349 claudi
1638 1311 1719 1349 exi-

343 1374 462 1411 stimat
478 1372 662 1409 dichoreo
676 1393 693 1400 -
714 1392 739 1407 υ
758 1393 775 1398 -
792 1392 809 1399 -
828 1380 1043 1419 quamquam
1058 1377 1095 1404 et
1109 1367 1197 1404 aliae
1216 1365 1389 1403 clausulae
1407 1365 1486 1411 sint,
1507 1364 1638 1416 quibus
1651 1378 1718 1405 nu-

334 1426 488 1467 -merose
506 1428 547 1465 et‘
561 1426 721 1465 iucunde
739 1424 891 1463 ambitus
911 1422 1065 1460 finiatur.
1120 1422 1219 1458 Hinc
1243 1421 1400 1460 creticus
1415 1445 1432 1452 -
1455 1443 1479 1460 u
1500 1444 1516 1454 ο
1538 1432 1575 1460 et
1597 1433 1717 1471 paeon

347 1508 366 1515 ·
384 1507 408 1522 υ
418 1506 441 1521 υ
451 1508 474 1521 υ
491 1496 559 1521 nec
578 1496 653 1520 non
670 1481 872 1531 spondaeus
889 1478 1129 1528 praecedente
1140 1475 1200 1513 vel
1210 1475 1332 1513 lambo
1343 1477 1400 1513 vel
1411 1477 1606 1515 Trochaeo
1616 1489 1718 1515 com-

348 1540 461 1579 mode
478 1537 639 1576 adhiberi
659 1535 982 1579 dicuntur,tardior
992 1545 1109 1572 tamen
1127 1542 1236 1583 atque
1252 1531 1419 1570 hebetior
1433 1532 1633 1583 spondaeus
1654 1545 1676 1572 c
1689 1546 1718 1572 ι-

338 1610 375 1635 >c
388 1609 441 1634 ER
453 1609 476 1632 ο
489 1607 519 1632 N
531 1609 542 1631 ι
569 1594 727 1630 videtur.
780 1595 912 1628 Monet
929 1590 1039 1636 simul,
1055 1588 1102 1632 se,
1122 1599 1236 1637 quum
1254 1587 1291 1622 in
1306 1587 1463 1626 clausulis
1473 1589 1583 1638 pedes
1600 1589 1719 1626 nomi-

336 1663 435 1697 >-net,
465 1663 542 1688 non
558 1649 605 1687 de
624 1655 701 1687 vno
717 1647 813 1698 pede
829 1657 996 1684 extremo
1015 1644 1130 1695 loqui,
1146 1641 1208 1681 sed
1226 1641 1312 1681 huic
1333 1644 1541 1693 proximum
1554 1643 1718 1693 superio-

334 1721 442 1751 ·rem,
458 1706 561 1756 saepe
577 1707 683 1742 etia'm
700 1704 846 1740 tertium
857 1702 1133 1750 'adiungendum
1148 1699 1229 1736 esse.
1289 1698 1369 1739 Ess‘e
1390 1710 1583 1748 praeterea,
1597 1700 1718 1751 inquit

354 1774 553 1805 cler-Ro,
577 1760 685 1797 alium
699 1758 865 1801 modum,
889 1769 964 1807 quo
986 1767 1154 1793 numerus
1181 1755 1358 1792 oratorius
1387 1753 1572 1793 efficiatur.
1630 1759 1718 1794 Huc
1740 1766 1746 1770 ’

351 1817 524 1870 quasdam
541 1815 714 1852 orationis
734 1813 865 1850 formas
879 1812 1002 1855 refert,
1016 1824 1034 1848 a
1051 1811 1186 1859 Gorgia
1208 1810 1277 1848 iam
1309 1806 1489 1856 iuuencas,
1513 1823 1606 1859 quae
1623 1810 1717 1849 casus

350 1875 484 1915 habent
493 1873 530 1909 in
541 1871 641 1910 exitu
650 1868 786 1915 similes,
798 1867 862 1905 vbi
876 1866 1021 1917 paribus
1031 1864 1335 1918 pariaredduntur
1342 1864 1415 1905 fiue
1434 1866 1610 1904 contraria
1628 1879 1718 1905 con-

1605 1933 1720 1960 trarns

362 2002 367 2007 ·
401 1994 444 2036 b)
472 2001 492 2026 c
499 2002 511 2025 1
518 1998 538 2025 c
548 2000 567 2025 ε
575 1999 599 2024 R
608 1998 631 2024 ο
661 1991 697 2024 in
720 1997 846 2022 oratore
869 1999 938 2033 cap.
957 1997 1014 2033 52.
1059 1986 1176 2021 aetatis
1185 1979 1457 2029 honiinesstriptis
1464 1982 1614 2030 edipficm
1622 1987 1727 2020 etiam·

358 2049 394 2074 et
412 2050 467 2084 59,
486 2039 576 2083 seqq,
1060 2034 1190 2072 litteris,
1205 2031 1427 2076 reprehendere
1439 2031 1476 2063 id
1486 2032 1653 2065 collocandi
1664 2038 1718 2076 gr-

406 2089 445 2128 c)
467 2094 525 2132 qv
534 2095 546 2116 1
555 2093 580 2115 Ν
588 2091 608 2116 c
617 2092 643 2116 ‘r
653 2093 663 2115 1
672 2092 691 2115 t
702 2093 712 2115 ι
723 2091 748 2115 Α
755 2092 781 2115 Ν
789 2091 813 2112 v
821 2089 837 2114 s
864 2081 900 2112 in
918 2079 1013 2124 instit.
1060 2090 1119 2112 nus
1126 2074 1332 2122 austfutſjbnt,
1341 2075 1441 2119 etpost
1447 2088 1515 2109 eum
1520 2078 1629 2121 plures
1638 2078 1719 2110 mul-

358 2140 442 2167 orat.
452 2133 523 2166 Lib.
535 2131 585 2163 lx.
595 2140 661 2173 cap.
670 2130 726 2163 111.
740 2130 793 2163 De
806 2124 1015 2170 contpofitione
1065 2133 1100 2158 ta
1114 2124 1159 2157 ad
1173 2123 1311 2156 eamdem
1326 2133 1391 2155 rem
1403 2123 1598 2167 pertinentia
1609 2134 1720 2156 memo-

358 2190 419 2215 non
435 2178 573 2222 equidem
587 2175 652 2221 post
666 2176 715 2209 M.
732 2176 866 2209 Tullium
876 2171 1016 2216 scribere
1065 2171 1133 2204 riae
1146 2165 1354 2215 trudidffnt.
1399 2171 1513 2216 Itaque
1526 2169 1668 2205 accedam
1685 2171 1719 2205 in

358 2226 515 2262 auderem,
530 2224 582 2256 cui
588 2220 685 2265 nesi-io
700 2233 743 2253 aa
759 2223 819 2254 vlla
827 2228 906 2264 pars
916 2219 1016 2262 operis
1060 2216 1219 2262 plerisque
1238 2216 1385 2250 Ciceroni.

357 2269 496 2315 bulusfit
501 2270 601 2315 magis
608 2266 840 2313 elabot·ata,n{fi
844 2275 876 2302 ec
884 2264 1016 2300 eiusdem
1112 2263 1134 2298 d
1142 2268 1158 2308 )
1182 2262 1248 2299 loc.
1264 2261 1320 2305 cit.
