1919 2326
402 76 467 107 nn
519 71 750 105 ιΑοτεΛ
802 73 963 103 mvn
1019 54 1353 106 vata-rare.
1526 78 1575 119 23

215 155 308 192 tium
326 153 449 191 animis
467 150 648 192 incutiunt
662 152 861 191 horrorem.
948 153 1116 202 Inprimis
1130 153 1299 204 ftequens
1314 154 1579 194 elementorum

220 209 369 248 istorum
384 212 427 251 R.
443 212 477 250 S.
495 210 544 249 T.
551 211 592 248 L.
604 208 646 248 X.
656 207 847 247 concurlus
861 206 989 247 efferat
998 220 1144 259 vocem,
1154 220 1195 247 vt
1205 209 1424 261 nescio-quid
1439 209 1520 249 duri
1533 211 1574 248 in

215 267 427 304 eorumdem
445 266 738 316 pronuntiatione
753 263 902 303 sentiant
917 277 1031 311 aures,
1047 262 1085 317 t)
1107 278 1221 315 quum
1235 266 1378 305 vocales
1395 268 1442 304 A.
1461 267 1506 306 Ο.
1523 269 1574 307 V.

213 321 427 373 ampliorem
442 319 853 373 plerumquepraebeant
865 319 1002 358 sonum.
1054 320 1258 359 Aliaevero
1269 320 1485 367 suntvoces,
1508 333 1574 360 au-

210 378 305 417 rium
335 378 514 427 voluptati
540 378 648 428 magis
674 375 923 422 inseruientes,
957 377 996 414 in
1025 376 1158 428 quibus
1187 377 1284 415 nulla
1309 377 1573 417 elementorum

217 445 360 483 pugna,
380 432 441 470 sed
459 433 521 469 vbi
539 433 680 483 fingulis
696 431 968 470 consonantibus
988 431 1143 480 {ing-ulae
1152 431 1385 481 interspersae
1408 433 1488 471 sunt
1504 447 1573 472 vos

219 488 330 534 cales,
356 499 393 536 et
408 498 487 540 apta
504 487 672 526 breuium
691 486 955 538 longarumque
965 484 1172 534 syllabarum
1189 485 1401 526 viciffitudo
1417 487 1575 528 alternat.

215 547 296 592 Nec
311 546 461 581 minoris
478 545 649 581 momenti
667 543 718 580 est
734 542 930 580 verborum
957 542 1181 592 fignificatiO.
1234 545 1323 581 Sunt
1345 546 1440 582 enim
1465 557 1575 595 quae·

213 598 297 636 dam
312 598 497 638 vocabula.
515 597 710 645 synonyma
728 597 839 647 vulgo
854 596 1028 647 adpellata
1044 595 1202 646 quorum
1226 607 1343 635 tamen
1371 611 1484 636 vnum
1502 611 1577 637 ma-

215 656 269 705 gis
286 666 393 705 atque
403 655 502 693 aliud
520 655 572 692 rei
589 654 731 694 cuidam
746 653 934 703 proprium
949 651 1000 690 est
1014 662 1122 702 atque
1139 653 1332 702 peculiare.
1389 654 1471 692 Alia
1485 653 1577 702 sunt,

218 722 312 760 quae
329 711 517 748 clariorem
536 711 587 747 rei
606 708 808 748 adfundunt
824 709 960 752 lucem,
990 718 1050 745 aut
1063 708 1208 762 pondus
1227 710 1412 758 quoddam
1428 711 1576 756 addunt,

219 775 259 804 et
285 767 455 817 quoniam
480 766 560 816 plus
588 764 806 816 fignificant‚
843 776 948 816 quam
971 764 1136 814 propria,
1164 762 1362 816 ἰμφατικαὶ
1382 759 1578 816 propterea

219 824 457 860 nominantur.
475 825 512 868 Ὗ)
566 823 626 860 Sic
636 821 786 869 gladius,
795 835 836 859 en
850 835 889 870 ιε,
907 817 1179 870 ηιαὶνο,]ἑννωη
1189 821 1401 873 plerumque
1417 821 1581 861 eamdem

221 889 299 916 rem
308 878 489 916 'denotare
506 877 689 917 videntur.
743 878 812 916 Sed
837 890 911 914 non
934 876 1072 927 semper
1094 878 1245 926 perinde
1267 878 1353 922 erit,
1379 877 1583 928 quodcum-

221 944 296 983 que
313 932 472 972 volueris
488 932 656 983 vsu'r'pare
669 932 898 971 vocabulum.
955 934 1054 970 Mox
1070 932 1162 979 hoc,
1179 945 1268 971 mox
1284 932 1378 971 aliud
1395 934 1464 971 erit
1478 930 1586 983 aptis-

221 987 358 1029 simum.
410 987 589 1039 Effrenem
607 989 730 1039 militis
745 987 919 1026 ferociam
942 986 1063 1037 paffim
1091 990 1213 1026 cun-fla
1236 988 1495 1039 prosternentis
1517 989 1584 1026 de-

223 1043 434 1095 scripturus,
458 1041 587 1096 gladia
597 1042 745 1095 potius,
774 1056 882 1095 quam
896 1042 978 1082 ense
995 1041 1111 1093 ipsum
1131 1043 1299 1093 armabis:
1326 1043 1386 1084 sed
1406 1044 1579 1083 iuuenem

223 1100 421 1150 elegantiae
447 1101 611 1138 deditum
633 1098 714 1136 ense
734 1100 857 1149 potius
884 1111 992 1149 quam
1020 1099 1141 1148 gladio
1170 1101 1302 1149 cinges.
1387 1101 1512 1149 Atque
1530 1101 1580 1137 ita
1629 1135 1633 1136 ⁷

224 1154 366 1206 vbique
380 1154 575 1193 verborum
591 1154 774 1192 habendus
792 1152 1030 1198 est-deleuus‚
1059 1165 1173 1204 eaque
1187 1153 1363 1205 seligenda
1374 1182 1384 1199 ,
1408 1166 1502 1205 quae
1516 1166 1579 1192 na-

223 1220 324 1249 turae
344 1212 418 1254 rei,
443 1222 550 1260 quam
567 1208 804 1258 descripturus
822 1222 881 1252 es,
907 1209 1060 1246 maxime
1077 1210 1326 1255 conueniunt,
1342 1210 1581 1260 eiusdemque

224 1264 325 1302 fimul
343 1266 402 1303 vel
423 1265 587 1303 atttibuta
605 1264 664 1302 vel
683 1264 959 1309 circumstantias
981 1264 1150 1301 indicant.
1234 1265 1416 1303 Translata
1442 1265 1581 1315 praeci-

224 1333 298 1370 pue
312 1321 361 1357 ob
385 1319 648 1359 similitudinem
673 1320 862 1370 quamdam
884 1318 1060 1357 vocabula
1086 1319 1238 1357 multum
1266 1320 1310 1357 ad
1333 1320 1505 1358 orationis
1523 1321 1582 1358 iu-

222 1375 441 1414 cunditatem
460 1375 590 1413 valent.
668 1375 770 1412 Dum
786 1375 881 1412 enim
897 1372 1091 1412 similitudo
1110 1374 1285 1424 quaedam
1305 1375 1342 1412 in
1358 1376 1401 1412 iis
1419 1375 1578 1425 adparet,

223 1442 317 1481 quae
337 1444 415 1469 rem
435 1430 544 1480 ipsam
565 1430 627 1468 vel
652 1430 842 1467 clariorem
866 1428 974 1475 facit,
1000 1429 1060 1466 vel
1087 1428 1311 1468 occafionem
1334 1430 1576 1468 meditationis

217 1485 441 1537 suppeditat,
464 1485 567 1524 altius
586 1486 711 1535 vtique
728 1486 765 1521 in
781 1485 937 1522 animum·
953 1483 1171 1523 descendunt
1187 1485 1270 1523 istae
1282 1485 1527 1536 metaphorae,
1543 1496 1580 1525 et

219 1542 307 1580 mira
323 1541 491 1579 eumdem
511 1539 736 1590 perfundunt
755 1540 949 1589 voluptate.
979 1539 1020 1586 Χ)
1077 1541 1242 1593 Quantus
1268 1554 1359 1579 vero
1381 1542 1447 1580 hac
1473 1542 1511 1578 in
1537 1554 1577 1580 re

219 1595 350 1635 artifex
366 1596 477 1636 fuerit
500 1592 669 1635 minvs
695 1595 804 1634 vnico
820 1593 934 1633 saltim
951 1595 1208 1636 declarabimus
1222 1598 1403 1648 exemplo.
1419 1597 1471 1649 χ)
1508 1600 1573 1634 Ca·
1592 1584 1780 1680 ἔξΡῑ-Ξὲη

1495 1665 1577 1692 uam
1656 1661 1660 1666 '
1729 1655 1738 1665 '

265 1705 305 1747 t)
331 1714 355 1739 n
368 1715 380 1739 t
394 1713 418 1738 o
429 1714 457 1738 N
471 1715 496 1739 Y
507 1715 524 1740 s
538 1715 551 1740 1
564 1715 591 1740 v
604 1715 620 1740 s
650 1715 676 1739 n
685 1715 738 1739 At.
748 1716 760 1740 1
773 1714 794 1740 c
803 1714 826 1739 A
835 1714 878 1738 R·
921 1707 1013 1739 aerbo
1015 1707 1147 1750 proprio
1150 1705 1259 1750 potest,
1266 1706 1303 1739 id
1312 1664 1576 1750 translatoZuum

222 1759 282 1785 NA
292 1760 332 1785 SS
346 1760 366 1785 Ε
379 1760 404 1783 Ν
419 1760 435 1785 S
450 1761 465 1784 1-
475 1762 491 1785 S
515 1762 572 1794 περὶ
581 1757 724 1790 συνθέσεως
732 1751 876 1792 hominm.
918 1751 959 1795 est
972 1753 1103 1791 difflant,
1128 1752 1262 1796 {Hustrat
1282 1753 1317 1784 r'd
1341 1752 1426 1796 quod
1447 1753 1578 1795 intelligi

222 1806 334 1845 qvm
345 1807 501 1831 Tuum
512 1808 558 1832 vs
599 1809 670 1843 pag.
694 1801 774 1842 463.
809 1806 875 1831 1v-
918 1797 1075 1837 volumus,
1091 1799 1156 1831 eius
1173 1799 1237 1832 rei.
1260 1807 1353 1842 quam
1369 1798 1468 1831 aliena
1482 1798 1575 1831 verbo

220 1851 322 1877 les
368 1852 534 1877 CAESAR
582 1853 796 1877 SCALIGER
831 1843 873 1877 de
914 1841 1270 1890 pofhimus,strnilitudo.
1307 1851 1385 1890 ,Qv
1400 1853 1411 1875 1
1425 1850 1450 1875 N
1463 1850 1483 1875 c
1499 1851 1526 1876 'r
1541 1853 1574 1876 ι·

214 1888 313 1932 caufis
327 1891 401 1934 ling.
418 1890 558 1935 Iatspag.
567 1899 625 1934 27.
643 1897 662 1921 B
669 1898 688 1922 Ε
698 1899 720 1922 R
729 1899 755 1923 G
763 1899 780 1922 Ε
789 1898 813 1922 R
820 1898 844 1921 v
852 1898 869 1922 8
920 1897 940 1921 1.
948 1897 1023 1921 IAN
1031 1897 1057 1921 v
1065 1897 1081 1921 s
1103 1889 1139 1922 in
1148 1888 1280 1932 institut.
1290 1897 1407 1922 orator.
1415 1889 1473 1921 lib.
1482 1890 1570 1922 VIII.

215 1935 259 1969 de
283 1937 425 1970 natural.
460 1946 542 1972 orat.
571 1935 768 1981 pulc-brinul.
799 1947 872 1982 pag.
918 1946 985 1980 cap.
1001 1936 1072 1988 Vl..
1082 1937 1158 1979 §.,3.
1173 1935 1219 1968 ita
1240 1934 1281 1968 de
1297 1933 1490 1978 metaphora
1505 1935 1570 1968 ait:

214 1988 287 2024 277
307 1992 342 2016 et
354 1986 441 2026 283.
915 1982 1008 2028 Qae
1019 1982 1142 2024 quzdem
1154 1991 1246 2026 quum
1260 1981 1308 2012 ita
1321 1979 1362 2022 est
1376 1980 1416 2012 ab
1430 1979 1499 2024 ipfit
1515 1992 1570 2014 no-

262 2048 305 2091 v)
331 2055 351 2079 C
360 2057 378 2079 L
387 2057 407 2080 E
415 2057 435 2080 R
447 2059 459 2081 1
467 2057 487 2082 C
495 2058 545 2084 vs
571 2050 606 2084 in
617 2058 690 2085 arte
707 2051 819 2084 critica
835 2052 870 2085 P·
914 2026 961 2059 bis
976 2022 1106 2070 conceffa
1117 2034 1237 2078 patara
1245 2048 1254 2064 ‚
1274 2033 1311 2058 vt
1323 2026 1438 2058 indoai
1452 2036 1570 2070 quoque

214 2095 255 2133 n·
265 2094 347 2129 sest·
361 2095 384 2127 Ι,
400 2105 467 2138 cap·
483 2104 516 2138 4
912 2083 951 2104 ac
966 2083 1026 2105 non
1034 2073 1205 2117 finttentes
1225 2068 1457 2115 east-equenter
1477 2080 1571 2104 νεανι-

915 2125 990 2151 tur:
1024 2126 1091 2151 tum
1106 2118 1154 2149 ita
1175 2117 1310 2158 iucunda
1334 2126 1430 2160 utque
1452 2118 1568 2156 nitida,

258 2161 304 2201 x)
330 2166 422 2191 CICF
434 2167 488 2191 Ro
514 2159 557 2193 'de
575 2171 706 2195 oratore
728 2162 785 2196 lib.
801 2162 868 2195 111.
913 2172 950 2197 vt
963 2165 995 2197 in
1010 2164 1158 2202 oratione,
1178 2160 1348 2206 quamlibet
1361 2162 1469 2205 clara,
1491 2172 1568 2210 pro-

212 2219 280 2255 eap.
296 2211 350 2254 38.
370 2206 468 2256 ,Qod
481 2208 561 2244 enim
580 2215 613 2245 et
634 2208 795 2245 declarari
814 2209 868 2244 vix
908 2212 982 2257 prio
995 2219 1099 2248 tamen
1118 2208 1233 2245 lumine
1252 2209 1381 2246 eluceat.
