1919 2326
418 77 488 104 nt
549 73 787 102 LACTEA
844 73 1004 101 len
1060 73 1402 106 vnERTA‘rE.
1534 76 1583 104 21

225 159 264 195 in
285 165 361 205 qua,
372 152 561 192 historicus
580 154 649 189 iam
665 150 883 197 versabatur,
909 149 951 189 ad
979 150 1015 188 id
1043 152 1300 190 excutiendum
1339 164 1496 190 Livivs
1521 164 1587 190 ve-

225 213 293 249 luti
307 211 614 248 manuduceretur.
699 209 741 246 Id
775 220 864 245 vero
894 209 941 245 ita
965 218 1136 253 exornat,
1160 218 1222 251 vt,
1248 209 1412 258 quamuis
1426 208 1586 245 animum

224 269 471 306 Romonarum
487 265 577 315 parti
596 265 698 302 nimis
708 263 928 315 propensum
947 264 1099 314 prodat,
1128 264 1276 301 lediores
1294 274 1410 308 tamen
1433 264 1586 309 alliciat,

222 333 364 367 teneat,
389 322 557 361 obleetet.
634 323 819 373 Quantum
836 321 874 357 in
891 314 1051 357 historiis*
1065 317 1231 369 digressio
1250 321 1361 365 valet,
1391 329 1531 357 tanmm
1547 331 1586 358 et

222 375 681 429 personarumcharacferes
702 374 860 414 efficiunt
880 377 920 423 0)
938 375 1070 426 quibus
1081 371 1209 413 ‘forma
1234 376 1433 427 cuiuspiam
1462 386 1501 413 et
1526 388 1588 413 na—

206 446 320 486 tura,
347 444 389 471 vt
417 431 531 470 statim
551 430 712 483 dignosci
738 430 867 482 poffit,
903 432 1124 482 depingitur.
1207 426 1294 470 Non
1318 442 1436 469 tamen
1469 432 1586 470 cuiuis

223 490 365 528 homini
382 489 558 525 eiusmodi
580 489 701 524 honor
718 487 768 523 est
785 484 969 524 habendus
981 515 990 531 ,
1010 486 1069 524 sed
1083 500 1246 537 quorum
1270 488 1379 524 animi
1409 489 1588 535 corporis·

224 557 299 597 que
317 546 423 597 dotes
441 542 539 580 noffe
555 542 707 580 multum
727 541 881 582 interest.
937 544 1060 595 Quare
1078 542 1141 579 fibi
1160 541 1298 592 semper
1315 542 1458 580 cauebit
1476 541 1588 579 histo-

222 603 340 646 ricus,
368 612 414 636 ne
433 600 470 635 in
487 599 660 636 exteriori
673 598 789 647 forma
805 599 955 637 nimium
970 599 1129 644 haereat,
1158 598 1219 637 sed
1234 598 1278 637 ad
1307 599 1453 637 intimos
1477 598 1586 636 animi

222 656 372 695 recelsus
398 654 598 705 penetrabit
613 680 624 699 ,
671 654 904 704 eiusdemque
928 664 1088 691 naturam
1105 680 1116 701 ,
1150 654 1249 692 velut
1272 666 1320 691 ex
1345 654 1487 691 latebris
1513 652 1584 690 suis

223 713 437 764 protraRam
454 710 604 762 publico
622 709 828 761 conspestui
847 721 1019 762 exponet.
1103 712 1223 763 Quam
1248 713 1370 761 potuit
1387 710 1498 761 igitur
1512 709 1587 748 ele-

225 766 422 818 gantiffime
438 767 602 816 depungit
625 779 648 803 L
662 779 704 803 iv
716 779 778 804 ivs
809 767 1023 814 Annibalem
1043 768 1102 804 vel
1126 766 1307 817 duriffima
1324 767 1506 804 bellorum
1533 767 1589 803 ‘m-

225 822 415 861 commoda
428 849 441 866 ‚
462 820 639 859 obstinato
660 822 780 858 animo
801 823 1082 871 perpetientem,
1102 822 1164 859 vel
1180 821 1280 859 felici
1297 832 1418 858 rerum
1434 816 1589 858 succeffii

226 879 381 922 elatum,
402 879 438 914 in
453 877 668 926 Campaniae
683 877 775 927 agris
791 878 872 915 otio
890 875 1151 922 lasciuientem,
1188 877 1401 927 deliciisque
1427 877 1476 913 ita
1505 874 1590 914 sub-

227 932 402 978 mersum,
435 942 476 968 vt
493 932 693 981 potiundae
717 932 817 975 vrbis
844 934 983 969 Romae
1005 933 1118 969 modo
1143 944 1264 975 mens,
1300 933 1414 969 modo
1443 931 1590 969 fortuna

227 988 292 1039 ipfi
310 1001 383 1025 non
398 986 513 1026 fuerit
526 987 619 1024 data.
675 985 842 1036 Inprimis
857 998 947 1024 vero
983 987 1145 1025 eiusdem
1175 988 1295 1032 ducis,
1319 987 1454 1025 Italiam
1479 986 1591 1024 relin—

228 1045 392 1096 quentis,
415 1044 592 1090 animum,
616 1041 753 1081 infelici
770 1054 891 1079 rerum
907 1040 1062 1080 success‘u
1078 1043 1320 1081 exulceratum
1347 1041 1394 1080 fic
1410 1040 1589 1086 describit,

227 1113 270 1139 vt
284 1113 367 1138 eum
382 1100 470 1139 deos
485 1099 725 1148 hominesque
742 1097 1004 1142 exsecrantem,
1033 1099 1175 1142 audire,
1194 1098 1436 1148 dentibusque
1459 1111 1512 1136 ex
1530 1099 1588 1135 in-

227 1157 434 1206 dignatione
457 1153 686 1190 frendentem
708 1153 837 1189 videte
858 1152 927 1189 tibi
952 1153 1169 1198 videaris-u)
1224 1154 1303 1189 Pari
1322 1152 1494 1190 felicitate
1510 1152 1589 1191 vsus
1601 1141 1676 1184 ⁰)L·
1693 1140 1811 1174 XXX·

229 1212 280 1250 est
309 1223 385 1248 L1v
398 1222 470 1247 lvs
493 1209 529 1246 in
553 1207 788 1246 describendo
809 1208 1003 1258 regionum
1018 1208 1314 1259 oppidorumque
1331 1206 1408 1247 fitu.
1463 1211 1591 1262 Quum
1602 1200 1629 1222 ε·
1648 1197 1695 1224 ²⁰

229 1269 326 1305 enim
346 1265 505 1303 historici
523 1262 586 1308 fit,
613 1274 672 1311 vt,
699 1265 843 1313 quoties
860 1264 905 1301 ad
927 1264 1050 1313 locum
1078 1264 1270 1314 quemdam
1301 1265 1464 1302 nondum
1497 1265 1589 1303 adeo

228 1322 417 1371 cognitum
439 1320 588 1357 ledores
612 1319 779 1364 deducit,
814 1317 896 1368 ipfis
917 1319 1105 1367 ingenium
1131 1318 1306 1368 fitumque
1335 1319 1407 1357 loci
1433 1321 1592 1369 aperiati

229 1376 431 1416 iucunditas
449 1374 605 1412 historiis
623 1374 809 1412 exorietur
826 1374 931 1418 inde,
961 1373 985 1410 fi
1015 1386 1088 1411 non
1112 1374 1261 1425 quidem
1284 1374 1435 1424 repetita
1450 1374 1588 1425 saepius

229 1433 444 1483 ignobilium
465 1430 630 1466 locorum
645 1429 754 1466 facies
772 1430 965 1473 obueniat‚
991 1428 1052 1466 sed
1073 1441 1221 1475 eorum,
1249 1442 1342 1479 quae
1360 1430 1502 1481 insignis
1522 1431 1588 1467 ali-

230 1501 302 1539 qua
341 1485 459 1524 clades
500 1483 726 1526 nobilitauit‚
763 1494 825 1522 aut
858 1484 1099 1522 memoranda·
1112 1496 1232 1522 rerum
1260 1487 1476 1534 permutatio
1505 1484 1587 1522 infi-

230 1544 368 1593 gniuit‚
395 1541 560 1577 locorum
576 1537 717 1577 indoles
734 1549 769 1576 et
790 1539 905 1576 forma
931 1540 1158 1590 depingatur.
1178 1568 1183 1571 ,
1243 1541 1460 1579 Macedonia
1485 1541 1589 1579 nobis

230 1596 402 1646 exemplo
420 1595 497 1632 erit.
511 1597 570 1643 φ)
627 1593 857 1644 Posteaquam
883 1595 981 1631 enim
1007 1595 1097 1633 haec
1125 1597 1228 1646 regio
1243 1620 1255 1639 ,
1288 1597 1385 1633 viao
1411 1608 1588 1646 captoque
1604 1583 1639 1626 φ)
1659 1584 1704 1651 J*
1729 1581 1832 1617 XLV·

230 1668 250 1692 a
269 1652 438 1691 Romanis
456 1650 603 1695 Perseo,
635 1651 834 1700 prouinciis
857 1651 1012 1688 romanis
1039 1662 1114 1689 erat
1137 1652 1288 1695 adie&a‚
1317 1649 1494 1689 neceffitas
1520 1653 1587 1690 im·
1601 1641 1629 1663 ‘³‘
1658 1637 1714 1672 ‘¹9‘

231 1708 435 1759 ponebatur
465 1717 487 1742 L
500 1719 568 1742 ivi
585 1719 610 1743 o
624 1732 637 1748 ,
669 1716 733 1750 vt,
770 1718 864 1756 quae
880 1707 953 1743 illic
967 1719 1085 1744 rerum
1116 1707 1351 1744 commutatio
1373 1707 1456 1745 effet
1479 1707 1585 1754 Ειᾶε,

230 1764 416 1806 indicaret.
499 1762 684 1814 Quocirca
714 1773 882 1798 Livivs
908 1762 1050 1812 imperii
1073 1760 1196 1808 firum,
1224 1773 1409 1807 naturam,
1440 1763 1588 1801 diuino-

229 1833 333 1862 nem,
358 1818 536 1867 regiminis
555 1817 679 1855 statum
701 1819 748 1855 ita
768 1817 942 1862 delineat,
970 1828 1030 1862 vt,
1054 1819 1098 1855 iis
1116 1819 1293 1869 cognitis,
1319 1820 1359 1856 in
1375 1831 1492 1856 rerum
1513 1831 1589 1856 ma-

230 1876 485 1925 cedonicarum
504 1874 728 1924 cognitione,
746 1873 857 1912 leaor
879 1886 925 1911 eo
943 1873 1100 1912 feliciori
1110 1873 1265 1913 successu
1283 1875 1456 1926 progredi
1471 1873 1591 1925 poffir.

809 1930 845 1981 §.
899 1932 1016 1971 Xlll.

504 1982 604 2018 Verba
618 1984 764 2028 quomodo
772 1985 999 2019 iucunditatem
1012 1985 1158 2031 efficiant,
1164 1987 1316 2031 aperitur.

340 2045 409 2081 Sed
428 2046 465 2081 in
479 2043 598 2082 verbis
621 2043 793 2094 eligendis
823 2045 1097 2084 non·minorem
1119 2059 1224 2097 quam
1248 2046 1285 2081 in
1309 2043 1416 2083 rebus
1440 2055 1587 2094 operam

234 2100 430 2141 collocabit·
450 2099 640 2139 historicus
668 2100 900 2141 iucunditatis
925 2099 1111 2144 studiosus.
1191 2103 1317 2156 Quum
1346 2102 1441 2140 enim
1468 2102 1586 2138 omnis

584 2202 588 2205 v
922 2158 953 2195 C
983 2170 1003 2206 3
1474 2157 1593 2195 oratio

281 2210 317 2255 o)
344 2217 538 2246 nartnvs
560 2211 625 2246 Le.
