1919 2326
351 58 404 86 20
545 50 616 78 DE
670 47 917 77 LACTEA
972 45 1132 74 van
1188 44 1534 74 vultu-TATE.

361 132 449 172 bant
476 140 618 167 ιινιο
648 126 828 165 scribendi
845 124 1036 163 materiam.
1093 122 1523 174 QuumtandemTullia
1547 135 1615 174 per
1629 119 1739 161 scelus

363 199 402 227 et
428 185 557 224 caedes
582 183 628 222 ad
653 182 779 222 adfinis
805 180 858 219 sui
885 176 1172 231 nuptiasfuiss‘et
1187 177 1393 229 'progr-effi,
1430 190 1523 229 quas
1546 179 1740 217 fimilitudo

365 255 510 282 morum
526 237 871 278 sceleratiffimorum
880 245 1129 285 contraxerat,
1154 236 1331 287 egregiam
1347 234 1500 285 protulit
1513 232 1741 273 sententiam:

365 302 492 338 malum
509 299 598 335 malo
615 294 844 343 aptffrnun15
883 293 976 331 adeo
1005 297 1090 342 a'pte
1115 304 1198 329 cum
1221 293 1431 329 narrationis
1450 289 1520 328 filo
1546 291 1745 328 cohaeren-

366 365 462 402 tem,
492 362 535 390 vt
559 352 603 390 ab
622 351 688 389 illo
705 363 780 388 nou
799 349 927 388 debeat
942 347 1105 398 separari.
1159 347 1282 385 Paullo
1297 347 1399 397 post,
1433 359 1547 398 quum
1576 347 1745 397 querelae

367 419 554 449 narrantur
567 408 699 459 quibus
714 404 902 447 maritisui
919 405 1131 456 languorem
1162 402 1435 453 exsecrabatur,
1464 404 1595 444 iterum
1620 401 1748 440 acutis-

368 466 488 505 fimam
510 476 546 503 et
568 465 653 502 huic
672 462 757 500 loco
776 459 1145 500 conuenientisfimam
1162 459 1398 497 concinnauit
1421 459 1631 495 diffinirem:
1659 458 1747 494 alie-

370 535 417 560 na
442 519 587 568 ignauia
609 518 680 570 sthi
711 516 772 567 effe
816 513 1127 566 elanguescendum.
1212 515 1336 552 Sciens
1362 522 1546 563 praeterea
1585 524 1747 550 Ll-vxvs

370 577 601 630 praecipuam
616 573 869 613 sententiarum
888 573 1064 611 virtutem
1084 570 1151 609 ess‘e
1165 598 1177 618 ,
1198 571 1245 608 ita
1262 582 1343 608 cum
1361 570 1505 619 integro
1522 569 1749 606 historiarum

374 645 534 683 corpore
550 631 770 674 cohaerere,
800 640 843 666 vt
862 627 959 678 ipsae
976 639 1044 665 ceu
1062 625 1368 676 consequutiones
1394 624 1669 675 praecedentem
1692 623 1750 661 hi-

374 688 522 728 storIam
540 686 763 739 sequantur,
790 698 837 724 ne
861 683 961 723 istam
977 684 1126 735 quidem
1155 682 1366 733 elegantiam
1392 693 1559 720 L1VIvs
1589 680 1749 731 vilipen-

377 747 452 790 dit,
478 745 538 783 sed
555 744 679 795 potius
697 754 774 781 arte
800 741 950 779 mirifica
967 768 978 786 ,
1009 740 1158 777 naturali
1179 750 1297 776 tamen
1319 738 1470 776 νὶηωὶο
1489 738 1552 775 has
1572 737 1641 773 illis
1665 735 1749 773 vbi·

375 811 534 850 cumque
550 798 746 848 copulauit.
1244 807 1251 813 ·
1294 808 1311 823 .›

967 863 1003 914 §.
1058 862 1164 900 X11.··

589 918 800 964 Digrffones
830 927 863 952 et
902 917 1095 950 charaaeres
1132 915 1359 967 iucunditatem
1395 913 1541 960 htstorioe

865 962 1042 1000 conciliare,
1062 961 1266 1004 indigitatur.
1425 979 1436 985 -
1687 999 1695 1003 ἡ

492 1024 648 1075 Digredi
665 1022 815 1062 subinde
839 1021 882 1059 ab
901 1019 1064 1058 instituto
1082 1017 1148 1056 suo
1166 1017 1282 1055 solent
1305 1028 1469 1056 oratores
1497 1027 1613 1068 aeque
1642 1026 1751 1067 atque

381 1081 565 1125 historici,
594 1080 685 1118 etin
701 1079 767 1117 alia
789 1078 942 1129 quadam
969 1075 1033 1113 suo
1068 1073 1257 1124 proposito
1282 1085 1397 1112 tamen
1422 1074 1543 1111 vicina
1562 1072 1752 1122 paululum

383 1137 601 1176 commorari
619 1135 764 1172 dicendi
786 1133 941 1170 materia.
996 1132 1130 1179 Neque
1152 1129 1399 1166 illud‘temere
1422 1127 1617 1177 suscipiunt
1640 1126 1753 1164 confi-

385 1195 495 1236 lium,
524 1190 585 1229 sed
604 1201 646 1227 vt
662 1191 800 1228 animus
816 1189 853 1225 in
872 1188 947 1225 hoc
967 1185 1082 1223 veluti
1091 1184 1231 1222 -secess'u
1251 1182 1451 1235 requiescat
1475 1194 1512 1222 et
1536 1195 1604 1221 ceu
1630 1183 1755 1219 laetio-

387 1250 487 1288 ribus
512 1244 627 1298 epulis
651 1245 841 1284 reficiatur.
899 1245 980 1281 Nec
999 1241 1169 1284 excidet,
1198 1253 1221 1277 R
1236 1253 1389 1278 APiNo
1413 1240 1453 1286 ¹¹)
1483 1239 1590 1283 teste,
1616 1237 1675 1275 sua
1693 1236 1756 1287 spe

389 1304 600 1346 historicus,
630 1301 831 1338 dummodo
849 1312 924 1335 non
945 1297 1037 1334 iusto
1055 1297 1196 1345 longius
1218 1295 1259 1332 ab
1278 1295 1393 1332 orbita
1408 1294 1568 1337 recedat,
1596 1305 1662 1330 nec
1679 1293 1757 1330 exi-

389 1359 483 1397 libus
502 1369 538 1395 et
559 1357 690 1395 nullius
711 1355 883 1394 momenti
905 1353 1013 1391 rebus
1025 1377 1036 1396 ,
1066 1363 1126 1390 aut
1143 1350 1275 1402 quibus
1293 1351 1389 1388 nulla
1404 1363 1486 1388 cum
1504 1349 1658 1387 historiis
1676 1347 1757 1398 ipfis

387 1415 640 1466 propinquitas
658 1413 869 1454 intercedit,
900 1409 990 1445 nihil
1016 1409 1204 1443 valituram
1230 1407 1413 1453 impendat
1437 1413 1607 1453 operam,
1637 1403 1699 1440 sed
1721 1405 1757 1439 in

390 1471 508 1519 dignis
534 1478 734 1505 memoratu
762 1465 893 1507 rebus,
936 1474 974 1500 et
999 1460 1062 1511 ipfi
1092 1460 1259 1498 historiae
1279 1458 1478 1503 adfinibus,
1496 1459 1632 1509 ingenii
1658 1459 1757 1495 vires

391 1535 573 1564 exerceat.
660 1522 796 1571 Neque
826 1521 917 1557 hanc
947 1517 1177 1557 iucunditatis
1211 1514 1349 1552 causam
1377 1520 1549 1551 LlVle
1584 1514 1757 1563 neglexit.

391 1581 516 1618 Sicubi
535 1580 631 1616 enim
647 1579 689 1615 ad
708 1576 887 1613 eiusmodi
909 1573 1122 1610 diuerticula
1145 1571 1282 1607 delatus
1304 1570 1394 1615 fuit,
1422 1581 1463 1606 ea
1489 1570 1536 1606 ita
1561 1578 1758 1619 praeparat,

390 1637 439 1674 ita
456 1645 628 1684 exornat,
667 1644 709 1670 vt
734 1631 930 1682 legentium
959 1629 1093 1666 animos
1121 1625 1272 1665 mirifice
1298 1624 1448 1675 pascant.
1528 1625 1760 1674 Comparatio

143 1702 175 1745 τ)
188 1702 225 1736 L,
237 1710 269 1745 9.
284 1712 311 1734 c,
326 1693 638 1745 17,Alexandrum
656 1691 765 1726 inter
789 1697 826 1723 et
848 1689 1032 1723 Romanos
1061 1682 1161 1726 facia,
1189 1694 1331 1718 Livio
1366 1682 1414 1727 τ)
1442 1678 1761 1717 commodiffimam

395 1746 621 1785 occasionem
658 1742 884 1793 digrediendi
925 1739 1178 1789 suppeditauit.
1263 1738 1448 1788 Quoniam
1477 1737 1570 1773 enim
1603 1730 1765 1785 vterque

394 1803 560 1855 gentium
576 1812 714 1842 terror,
744 1810 897 1847 vterque
912 1797 1148 1833 maximorum
1166 1794 1404 1843 imperiorum
1422 1792 1540 1830 fuerat
1555 1792 1712 1845 aufiorf
1725 1800 1762 1827 et

394 1869 633 1910 quocumque
647 1855 803 1892 vieiricia
819 1853 1192 1891 circumtuleratarma
1214 1849 1380 1900 regiones
1398 1859 1597 1899 gentesque
1612 1847 1648 1883 in
1665 1845 1762 1884 luam

395 1926 562 1967 rapuerat
592 1911 822 1964 potestatem:
879 1909 986 1959 digna
1013 1907 1103 1944 haec
1134 1916 1207 1943 erat
1236 1904 1417 1957 quaestio,
1457 1916 1548 1953 quae
1578 1903 1651 1941 hoc
1678 1903 1763 1940 loco

397 1981 691 2021 proponeretur,
721 1979 802 2004 vter
820 1978 945 2003 eorum
964 1964 1125 2013 superior
1144 1962 1228 1999 ell'et
1249 1962 1411 2003 futurus,
1438 1958 1605 1997 aduersus
1621 1958 1656 1996 se
1671 1958 1763 1996 inui-

399 2040 480 2064 cem
499 2025 620 2063 infesta
636 2024 660 2062 fi
681 2032 895 2061 conuertere
914 2034 1006 2057 arma
1023 2031 1059 2057 et
1076 2020 1122 2055 de
1147 2019 1353 2067 principatu
1381 2017 1602 2053 contendere
1627 2011 1764 2063 coepiss

399 2083 486 2120 sent.
543 2083 624 2119 Nec
639 2081 794 2118 alienum
811 2078 854 2116 ab
871 2076 1032 2114 instituto
1043 2076 1080 2113 id
1091 2085 1166 2113 erat
1182 2082 1442 2124 argumentum,
1453 2068 1566 2123 quum
1581 2072 1625 2110 ab
1635 2069 1704 2121 ipla
1713 2082 1765 2115 re,

1436 2144 1438 2146 ¹
1725 2138 1763 2163 ιη

445 2193 483 2237 n)
508 2198 703 2225 RAPxst
731 2190 810 2224 dans
831 2189 875 2223 les
897 2187 1062 2232 reflexions
1101 2183 1339 2231 fhrl’hffl0i1·e
1357 2195 1429 2230 pag.
1444 2187 1525 2227 278.
