1919 2326
392 68 463 102 D't
516 68 756 100 Laerta
811 66 965 96 lell
1023 67 1353 98 vulturam-z.
1502 71 1559 110 ²5

193 162 277 196 cum
293 149 349 187 his
365 160 531 187 numerus
551 156 760 199 opportune
776 145 906 186 cadens
920 146 1118 197 contingat.
1170 146 1276 185 Ordo
1297 155 1416 184 autem
1438 147 1553 197 qualis

190 207 264 245 effe
282 205 425 252 debeat,
440 205 596 256 legendo
614 204 735 254 potius
760 214 798 243 et
821 203 994 244 noEiurna
1017 202 1219 254 diurnaque
1243 215 1351 241 manu
1375 200 1556 242 versando

190 273 369 306 veterum,
389 272 591 309 eorumque
618 258 965 310 elegantiffimorum,
993 260 1175 298 aneorum
1196 258 1338 310 scripta,
1368 271 1477 308 quam
1502 271 1552 298 ex

189 316 377 355 rhetorum
389 315 524 355 scholis
541 314 704 353 addisces.
744 330 749 338 ·
790 316 915 367 Quum
938 315 1034 351 enim
1051 324 1199 362 veteres,
1214 314 1345 365 quibus
1359 315 1553 360 vernacula

189 384 265 412 erat
281 374 388 411 latina
404 373 538 422 ling-ua,
546 369 868 411 animaduertebant
880 369 1005 416 statim,
1021 368 1045 408 fi
1060 370 1217 421 legitima
1230 370 1428 409 verborum
1444 368 1553 409 series

187 429 274 467 effer
291 428 514 479 perturbata:
553 439 591 466 et
609 426 912 477 superuacaneum
930 436 1122 477 propterea
1140 426 1332 476 putabant,
1351 427 1553 475 prolixiori-

186 494 463 535 praeceptorum
477 484 647 533 adparatu
663 495 706 520 ea
722 482 873 527 tradere,
892 493 986 532 quae
1013 481 1145 532 absque
1162 481 1231 519 illis
1245 481 1290 520 ab
1319 493 1549 532 vnoquoque

185 539 479 589 intelligebantur
487 553 504 582 ;·
529 550 605 575 non
619 536 682 574 nifi
702 550 749 575 ex
767 538 936 575 continua
951 538 1175 587 optimorum
1193 539 1377 576 amorum
1395 536 1551 575 leffione

185 594 285 632 istius
300 593 438 631 ordinis
456 593 620 630 notitiam
636 592 839 641 tibiparare
857 592 1021 642 poteris.»
1060 594 1200 631 Poteris
1216 603 1337 633 tamen
1355 592 1549 643 etlongin-

186 649 310 699 quiori
335 647 401 686 vsu
425 659 463 686 et
485 647 725 699 frequentiori
749 648 1009 689 exercitatione
1036 647 1086 685 ita
1114 646 1320 686 adsuescere
1337 659 1456 692 aures,
1485 658 1548 695 vt,

182 705 277 755 quid
291 705 424 743 durum
442 714 504 742 aut
521 703 642 748 molle,
659 703 751 753 quid
764 702 961 750 iucundum
979 712 1041 745 aut
1058 701 1220 753 asperum
1239 703 1301 749 fit,
1323 703 1415 754 ipsae
1431 702 1548 742 statim
1580 720 1583 722 ·

182 761 393 811 percipiant.
477 760 664 810 Optimum
680 758 792 808 igitur
809 758 877 798 hac
894 758 932 795 in
946 771 988 796 re
1010 758 1079 797 esse
1105 759 1282 797 iudicauit
1310 771 1467 807 eruc
1480 772 1548 798 τι-

181 827 231 853 m
242 827 365 853 anve
387 815 528 852 aurium
543 814 729 857 iudicium,
756 826 850 864 quae
866 811 1011 863 fragofis
1034 824 1072 851 et
1097 815 1275 852 contortis
1293 814 1408 859 statim
1427 813 1547 853 offen-

182 870 369 911 derentur,
391 869 515 907 clauda
535 868 828 924 abhorrerent-et
845 868 985 907 lenibus
1008 866 1276 910 delec‘larentur.
1331 869 1473 922 Quodfi
1491 881 1548 909 ta-

182 937 268 962 men
286 924 453 973 reliquias
468 923 558 968 istas,
571 935 661 973 quas
675 921 797 972 paffim
817 936 901 970 st
914 936 944 961 N
955 936 977 961 c
987 936 1013 961 ‘r
1022 937 1034 960 1
1045 936 1067 961 L
1078 937 1090 961 1
1104 937 1127 962 A
1139 937 1202 962 Nv
1211 937 1228 961 s
1243 925 1285 978 z)
1301 924 1548 973 conseruauit,

181 979 356 1029 colligere
370 976 730 1028 liceanadsequentia
743 979 939 1027 praecipue
953 978 1115 1017 aduertas
1129 980 1298 1028 animum,
1310 992 1403 1031 quae
1420 993 1547 1031 quam·

182 1047 292 1084 quam
311 1046 386 1071 non
401 1035 553 1084 propria
569 1031 714 1084 semper
735 1032 816 1071 sunt
829 1062 839 1079 ‚
864 1033 1076 1084 elegantiam
1096 1045 1213 1077 tamen
1231 1047 1269 1075 et
1284 1036 1545 1079 iucunditatem

179 1087 376 1139 saepiffime
392 1085 513 1129 secum
528 1088 673 1127 habent.
700 1088 703 1090 ’
755 1091 879 1140 Quum
901 1089 1015 1138 prima
1038 1091 1149 1133 virtus
1171 1090 1230 1135 fit,
1259 1092 1389 1132 vitium
1399 1091 1545 1142 fugere,

179 1146 382 1183 cauendum
398 1145 560 1194 inprimis
577 1143 640 1185 est,
651 1142 864 1188 soloecismi,
879 1143 1126 1194 peregrinismi
1146 1156 1183 1183 et
1204 1146 1432 1189 interturbari
1447 1147 1548 1185 ordi-

179 1201 235 1237 nis
251 1200 393 1239 vitium.
452 1198 577 1249 Verbo
593 1198 727 1236 deinde
744 1198 912 1237 claudere
925 1197 1074 1244 sensum,
1092 1199 1118 1237 fi
1135 1200 1350 1252 compositio
1367 1203 1546 1253 patiatur,

179 1257 362 1305 optimum
384 1264 486 1304 putat
505 1251 746 1293 solertiffimus
772 1254 834 1291 ille
855 1255 999 1293 dicendi
1023 1256 1206 1306 magister,
1230 1271 1345 1309 quum
1361 1259 1399 1296 in
1420 1258 1545 1299 verbis

177 1312 368 1360 praecipua
383 1309 552 1347 sermonis
567 1310 623 1346 vis
642 1308 732 1347 infit.
786 1311 944 1348 Naturae
958 1311 1067 1350 etiam
1083 1313 1249 1352 ordinem
1264 1313 1378 1366 sequi,
1393 1325 1432 1352 et
1448 1327 1545 1365 quae

177 1368 345 1415 tempore
357 1365 485 1416 priora
501 1363 594 1408 sunt,
611 1364 740 1402 ordine
763 1365 870 1402 etiam
886 1366 1008 1415 priora
1032 1366 1170 1412 facere,
1187 1381 1311 1419 quum
1327 1369 1454 1408 latinae
1471 1370 1543 1415 lin-

177 1433 270 1470 guae
283 1417 671 1462 conuenientiffimum,
687 1430 767 1457 tum
784 1420 982 1468 legentium
996 1422 1119 1460 animis
1147 1422 1435 1463 iucundiffimum
1460 1427 1542 1466 erit.

177 1476 220 1512 In
235 1475 394 1513 iun&ura
401 1473 596 1510 verborum
606 1483 726 1511 autem
738 1474 813 1511 hoc
829 1475 1024 1524 praecipue
1034 1478 1228 1516 tenendum
1236 1479 1304 1517 ess'e
1319 1478 1544 1526 existimat·)‚

176 1541 219 1568 vt
239 1530 397 1568 dissonus
414 1528 597 1567 vocalium
621 1527 966 1581 consonantiumque
995 1531 1188 1572 concursus
1214 1532 1342 1573 sedulo
1373 1535 1542 1575 euitetur.

175 1586 333 1624 Proinde
351 1585 495 1622 vocales
512 1584 660 1622 eaedem
674 1596 736 1623 aut
753 1583 1009 1636 consonantes,
1027 1599 1088 1626 aut
1102 1588 1265 1636 syllabae,
1288 1604 1382 1641 quae
1407 1604 1540 1629 vocem

175 1642 471 1685 terminauerunt,
487 1640 630 1678 alteram
646 1650 684 1678 et
701 1639 942 1691 insequentem
965 1655 1012 1680 ne
1028 1643 1212 1694 incipiant,
1237 1658 1356 1690 cures,
1385 1658 1431 1683 ne
1455 1645 1540 1684 istae

175 1699 270 1735 inter
285 1696 320 1734 se'
336 1695 508 1734 collidant
522 1695 671 1741 litterae,
686 1709 790 1747 quae,
812 1709 926 1746 quum
941 1699 1057 1737 minus
1075 1702 1207 1740 amicae
1223 1700 1301 1746 fint,
1322 1700 1540 1752 sonisquam-

176 1753 257 1790 dam
275 1751 495 1803 asperitatem
516 1749 687 1791 efficiunt.
741 1752 901 1790 Multum
916 1763 1100 1802 praeterea
1116 1755 1216 1792 iuuat
1241 1757 1434 1795 iucundam
1456 1770 1539 1795 ver-

174 1807 309 1846 borum
319 1808 512 1845 iunuuram
528 1818 745 1846 commatum
763 1806 1079 1860 membrorumque
1094 1810 1261 1850 breuium
1278 1812 1538 1863 longarumque

177 1874 259 1914 apta
283 1865 431 1902 varietas
444 1890 454 1908 ,
486 1861 715 1914 ipsarumque
739 1863 997 1915 periodorum,
1031 1867 1181 1905 dictioni
1203 1878 1319 1907 tamen
1347 1868 1537 1906 historicae

1394 1936 1536 1962 conue-

223 1972 264 2016 z)
291 1980 349 2020 qv
357 1982 370 2006 1
376 1981 404 2006 N
409 1981 430 2007 c
438 1981 465 2006 Τ
474 1983 486 2007 1
494 1982 515 2007 ι
522 1982 536 2006 ι
543 1982 603 2007 AN
610 1981 636 2007 v
642 1981 659 2006 s
680 1974 834 2019 in-Instit.
880 1974 955 2008 sunt
962 1976 1060 2010 verba
1071 1988 1079 2008 :
1105 1977 1247 2011 Ceterum
1255 1975 1454 2021 consbnantes
1460 1987 1537 2022 quo-

175 2027 295 2054 orator.
312 2020 370 2052 lib.
384 2021 439 2054 IX.
449 2031 517 2065 cap.
530 2030 563 2064 4.
579 2021 611 2065 §2
624 2029 680 2063 23.
690 2030 725 2054 et
731 2030 787 2062 24.
881 2030 948 2064 que,
962 2032 1072 2066 eaeque
1083 2025 1258 2067 praecipue,
1271 2033 1350 2066 quae
1355 2022 1437 2067 fiant
1450 2023 1540 2068 affie-

849 2067 852 2069 ’
880 2067 989 2107 riores,
1003 2069 1037 2102 in
1048 2065 1238 2113 commffara
1253 2067 1418 2103 verborum
1426 2071 1538 2103 rixan-

221 2113 262 2156 a)
286 2120 342 2156 qv
352 2119 425 2145 1Nc
434 2120 459 2145 Τ
466 2121 486 2144 ῐ.
492 2121 506 2145 1
514 2121 539 2145 Α
546 2122 574 2146 Ν
580 2121 607 2145 v
615 2120 632 2146 s
650 2112 707 2147 lib.
713 2114 768 2149 lx.
776 2114 833 2148 c.1.
881 2120 947 2153 tur,
958 2123 996 2148 vt
1009 2116 1033 2150 S
1050 2115 1164 2148 vltima
1184 2126 1254 2149 cum
1260 2117 1297 2151 X
1292 2117 1451 2161 proxima,
1458 2127 1537 2162 qua-

173 2161 272 2204 §.125
280 2169 314 2193 et
325 2171 352 2193 c.
361 2168 394 2203 4.
402 2161 491 2203 §.36.
501 2159 557 2194 vbi
567 2160 609 2193 de
617 2158 677 2193 hac
685 2159 835 2195 iunaura
880 2171 953 2193 rum
966 2160 1095 2205 tristior,
1101 2159 1136 2204 fi
1151 2160 1240 2195 binae
1255 2162 1536 2209 coHidantur,stri-

174 2205 307 2253 egregie
314 2205 391 2252 a'git.
403 2205 498 2240 Haec
505 2205 683 2252 praecipue
690 2207 835 2243 notanda
880 2206 940 2238 dor
953 2206 1002 2253 ψ.
1020 2215 1057 2242 vt
1076 2206 1324 2253 arsstudiormm

879 2254 927 2294 D
