1919 2326
345 66 396 112 η
527 67 894 101 »staca-'EA
953 67 1117 98 len
1174 69 1519 104 veturii-rt.

337 160 455 194 ratus,
480 153 541 194 νε,
567 155 786 199 quamquam
800 146 941 198 semper
956 146 1129 186 eumdem·
1135 147 1338 187 concitatae
1348 148 1483 199 piebis
1478 161 1572 203 erga
1583 160 1705 203 patres

336 205 550 254 furorem,
563 205 696 244 eadem
715 204 922 242 turbulenta
936 203 1142 253 ingenia,
1155 202 1285 241 eadem
1306 203 1443 243 suroris
1466 208 1709 266 nutrimenta,

337 261 465 299 eadem
475 261 640 310 patribus
655 272 676 297 a
692 255 800 309 plebe
817 259 1039 297 imminentia
1056 258 1217 309 pericula
1232 258 1375 297 videas·
1366 276 1376 305 ;
1426 271 1635 312 numquam
1647 275 1705 303 uta-

337 328 423 355 men
437 316 598 355 eamdem
612 314 861 367 cloquutionis
878 313 1031 353 formam
1045 314 1211 361 videbis,
1249 312 1345 353 sed
1334 329 1372 354 ιη
1398 316 1537 356 diuersa
1564 317 1704 372 semper

338 373 583 424 prodeuntem
611 373 827 413 varietatem.
895 372 1070 422 Longius
1097 370 1343 410 insisteremusx
1361 374 1593 422 explicandae
1618 376 1706 414 huic

339 428 521 473 vbertati,
555 427 618 465 nisi
633 427 736 476 spatii
765 425 924 476 angustia
941 427 1031 465 illud
1055 426 1281 476 prohiberet.
1360 429 1518 466 Proinde
1543 432 1711 468 contenti

334 476 514 522 ubertatis
530 482 690 520 liuianae
707 481 893 527 indolem,
930 492 1104 533 quantum
1129 481 1218 520 fieri-2
1238 482 1392 531 potuit,
1407 482 1626 533 exposuisse,
1645 485 1705 524 :ad

339 540 487 578 alteram
503 538 753 576 dissertationis
773 548 912 588 partem
930 537 1226 588 progrediemur,
1264 537 1378 586 qualis
1390 539 1579 580 :cumbae
1593 539 1707 580 vbera

338 603 413 634 tate
430 593 635 636 iucunditas
653 593 842 633 coniuncia
858 591 919 639 fit,
946 591 1160 645 inquifituri.

551 714 764 753 Iucunditatis
780 713 911 764 quaesit
929 661 1104 750 'Sum
1067 723 1100 748 et
1125 715 1273 761 quomodo
1293 723 1495 762 comparem·

792 789 794 793 ,
912 762 1131 807 explicatur.

442 821 756 876 Quandoquidem
785 822 876 862 illud
905 821 1117 863 iucundum
1142 820 1306 861 homines
1334 789 1580 867 existimant,
1597 791 1702 874 quod

336 875 497 928 ipsorum
516 878 655 916 animos
675 879 868 929 voluptate
894 875 1055 943 quadarn'
1064 878 1271 929 perfundit.
1298 877 1434 917 diuersa
1458 888 1566 916 vero
1576 878 1707 916 diuer-

334 932 457 971 sorum
477 933 666 972 hominum
679 934 817 973 indoles
838 936 898 973 ad
906 936 1002 974 varia
1024 934 1278 973 oblestamenta
1303 933 1495 988 procliuis,
1519 943 1704 984 nunquam

337 990 376 1027 in
394 989 536 1027 easdem
549 989 676 1028 nititur
691 990 853 1035 delicias;
879 990 1112 1028 indicandum
1136 1002 1233 1028 nunc
1247 991 1336 1034 erit,
1372 1001 1545 1039 quaenam
1574 1001 1596 1026 1.
1608 996 1702 1027 ivi}

337 1043 498 1082 historiis
528 1045 731 1082 iucunditas
754 1045 858 1089 infit,
909 1056 1128 1096 quamquam
1151 1057 1230 1082 eam
1255 1043 1376 1081 sentiri
1398 1042 1557 1090 facilius,
1593 1055 1702 1094 quam

294 1119 298 1122 <
335 1098 509 1149 explicari
525 1098 626 1148 poss‘e
642 1098 865 1139 arbitramur.
933 1099 1304 1138 -Nos‘iucunditatem
1328 1099 1427 1143 istam
1440 1100 1626 1136 ‘eiusmodi
1641 1100 1704 1137 ati-⁴

336 1154 514 1204 pellamus
538 1155 732 1199 virtutem,
775 1167 846 1205 qua
872 1156 1084 1207 narrationis
1108 1155 1265 1191 taedium
1296 1155 1472 1198 enitatur,
1506 1154 1705 1204 legentium

339 1209 494 1247 attentio
517 1209 677 1257 acuitur,
708 1209 942 1262 ipsorumque
971 1210 1080 1248 animi
1104 1209 1261 1248 historiis
1286 1208 1545 1260 cognoscendis
1575 1210 1705 1248 intenti-

341 1265 430 1303 mira
444 1265 670 1302 deliniuntur
686 1266 882 1316 voluptate.
935 1268 1069 1315 Vtrum
1092 1278 1184 1303 vero
1209 1266 1268 1303 illa
1291 1265 1507 1303 iucunditas·
1521 1277 1603 1303 cum
1624 1277 1706 1303 ora-

342 1321 451 1358 tionis
469 1319 743 1370 pulchritudine
758 1321 850 1360 adeo
866 1320 908 1359 fit
923 1322 1021 1359 vnita
1035 1348 1046 1365 ,
1077 1331 1119 1358 vt
1133 1320 1175 1358 ab
1194 1320 1251 1358 illa
1274 1333 1389 1371 aeque
1406 1321 1522 1358 minus
1546 1333 1587 1360 ac
1611 1321 1703 1359 radii

341 1388 362 1414 a
377 1374 452 1413 sole
467 1373 601 1427 poffint
614 1376 758 1422 diuelli,
786 1389 828 1415 an
847 1379 970 1428 potius
991 1376 1093 1414 nullo
1116 1377 1211 1415 inter
1234 1375 1269 1414 se
1296 1376 1512 1415 cohaereant
1535 1377 1705 1423 vinculo,

339 1432 413 1469 iam
430 1444 503 1469 non
527 1431 721 1481 ambigam,
759 1445 805 1470 ue
828 1433 949 1478 litem,
977 1443 1091 1481 paene
1115 1430 1304 1480 sepultam,
1338 1431 1542 1477 resuscitare
1566 1432 1705 1469 videara

344 1498 594 1525 HORATIVS
628 1487 811 1536 quidem
801 1501 840 1524 m
870 1486 1086 1525 carminibus
1108 1496 1299 1537 vtramque
1323 1484 1513 1524 seiunxissh
1536 1486 1704 1533 videtur,

341 1552 514 1594 poemata
524 1551 564 1579 vt
579 1554 695 1593 aeque
712 1542 830 1581 dulcia
840 1543 864 1581 s
867 1555 906 1581 nt
923 1554 1032 1594 atque
1051 1542 1202 1592 pulchra
1216 1543 1424 1592 requiiens,
1450 1541 1497 1593 g)
1526 1555 1606 1581 οπο
1618 1556 1651 1582 N
1660 1555 1704 1582 Y-

342 1611 436 1636 stvs
457 1610 547 1635 vero
574 1610 601 1635 H
614 1609 671 1635 AL
684 1605 840 1637 chRn
853 1611 1073 1637 ASSENSIS
1101 1591 1148 1645 ¹¹)
1172 1597 1444 1648 pulchritudine
1473 1598 1623 1648 quidem
1649 1601 1704 1637 ni-

338 1663 456 1692 tentes
475 1652 706 1701 Thucydidis
725 1653 837 1692 libros
860 1654 1115 1706 commendans
1145 1654 1366 1692 iucunditate
1381 1664 1497 1691 tamen
1520 1666 1584 1692 eos
1599 1653 1707 1692 desti-

340 1710 398 1747 tui
416 1709 529 1747 dolet.
581 1708 738 1747 Proinde
766 1722 1056 1748 monuorivs
1082 1710 1119 1760 ¹)
1143 1709 1287 1748 illorum
1309 1710 1515 1747 auctoritate
1539 1722 1707 1748 commo-

341 1775 419 1809 tus,
452 1764 614 1801 eamdem
637 1765 825 1814 amplexus
858 1766 907 1804 est
936 1766 1172 1816 opinionem,
1215 1765 1309 1802 hanc
1333 1762 1486 1802 reddens
1519 1764 1707 1812 rationem,

341 1820 518 1872 quoniam
534 1819 768 1870 pulchritudo
784 1821 828 1859 ab
844 1822 926 1860 artis
944 1822 1161 1872 praeceptis,
1184 1820 1389 1859 iucunditas
1409 1833 1502 1858 vero
1519 1819 1563 1858 ab
1587 1820 1710 1861 indole

341 1886 381 1914 et
398 1875 574 1926 ingenio,
596 1874 782 1914 scribentis
799 1878 1002 1928 proueniat.
1082 1877 1152 1915 Sed
1179 1888 1293 1926 quum
1322 1888 1485 1913 Livivs
1516 1886 1708 1926 vtramque

343 1931 438 1970 adeo
457 1931 550 1970 bene
567 1941 606 1970 et
623 1929 796 1982 sapienter
819 1932 997 1972 miscuerit
1014 1932 1203 1978 virtutem,
1227 1942 1269 1971 vt
1285 1930 1433 1970 difficile
1456 1929 1497 1969 fit
1516 1931 1708 1979 iudicium,

1589 1997 1713 2027 Vtrum

394 2071 437 2116 g)
465 2078 701 2111 HoRA‘rrvs
729 2074 771 2112 de
790 2085 864 2112 arte
884 2077 1010 2122 poetica
1057 2081 1292 2107 NAsersis
1319 2061 1375 2113 mi
1402 2075 1551 2109 συνθέσεως
1576 2071 1713 2111 δωμάτων

347 2127 378 2150 ν
402 2127 458 2163 99
1054 2130 1435 2211 pagi)9mo¹t1101-·1vs
1471 2166 1513 2200 de
1544 2162 1712 2199 Patauini-

395 2210 444 2259 Ιι)
470 2219 752 2253 nionvstvs
781 2221 1010 2254 immean-
1056 2222 1125 2252 tate
1148 2223 1262 2250 mvn
1290 2216 1353 2250 loc.
1371 2214 1428 2249 cit.
